% ====================================
% mass measurement by Radio-astronomy
% ====================================

% PSR J1614–2230
@article{PDemorest:2010,
author = "Demorest, Paul and Pennucci, Tim and Ransom, Scott and Roberts, Mallory and Hessels, Jason",
title = "{Shapiro Delay Measurement of A Two Solar Mass Neutron Star}",
eprint = "1010.5788",
archivePrefix = "arXiv",
primaryClass = "astro-ph.HE",
doi = "10.1038/nature09466",
journal = "Nature",
volume = "467",
pages = "1081--1083",
year = "2010"
}

% PSR J0348+0432 
@article{JAntoniadis:2013,
Archiveprefix = {arXiv},
Author = {Antoniadis, John and Freire, Paulo C.C. and Wex, Norbert and Tauris, Thomas M. and others},
Doi = {10.1126/science.1233232},
Journal = {Science},
Pages = {6131},
Title = {{A Massive Pulsar in a Compact Relativistic Binary}},
Volume = {340},
Year = {2013},
Bdsk-Url-1 = {http://dx.doi.org/10.1126/science.1233232}
}

% PSR J1614–2230
@article{EFonseca:2016,
author = "Fonseca, Emmanuel and others",
title = "{The NANOGrav Nine-year Data Set: Mass and Geometric Measurements of Binary Millisecond Pulsars}",
eprint = "1603.00545",
archivePrefix = "arXiv",
primaryClass = "astro-ph.HE",
doi = "10.3847/0004-637X/832/2/167",
journal = "Astrophys. J.",
volume = "832",
number = "2",
pages = "167",
year = "2016"
}

% PSR J1614–2230
PSR J1600+3053
@article{ZArzoumanian:2018,
author = "Arzoumanian, Zaven and others",
collaboration = "NANOGrav",
title = "{The NANOGrav 11-year Data Set: High-precision timing of 45 Millisecond Pulsars}",
eprint = "1801.01837",
archivePrefix = "arXiv",
primaryClass = "astro-ph.HE",
doi = "10.3847/1538-4365/aab5b0",
journal = "Astrophys. J. Suppl.",
volume = "235",
number = "2",
pages = "37",
year = "2018"
}

% PSR J2215+5135
@article{MLinares:2018,
author = "Linares, Manuel and Shahbaz, Tariq and Casares, Jorge",
title = "{Peering into the dark side: Magnesium lines establish a massive neutron star in PSR J2215+5135}",
eprint = "1805.08799",
archivePrefix = "arXiv",
primaryClass = "astro-ph.HE",
doi = "10.3847/1538-4357/aabde6",
journal = "Astrophys. J.",
volume = "859",
number = "1",
pages = "54",
year = "2018"
}

% MSP J0740+6620
@article{HTCromartie:2019,
author = "Cromartie, H. Thankful and Fonseca, Emmanuel and Ransom, Scott M. and Demorest, Paul B. and others",
title = "{Relativistic Shapiro delay measurements of an extremely massive millisecond pulsar}",
eprint = "1904.06759",
archivePrefix = "arXiv",
primaryClass = "astro-ph.HE",
doi = "10.1038/s41550-019-0880-2",
journal = "Nature Astron.",
volume = "4",
number = "1",
pages = "72--76",
year = "2019"
}

% MSP J0740+6620
@ARTICLE{EFonseca:2021,
author = {{Fonseca}, E. and {Cromartie}, H.~T. and {Pennucci}, T.~T. and {Ray}, P.~S. and others},
title = "{Refined Mass and Geometric Measurements of the High-mass PSR J0740+6620}",
journal = {\apjl},
keywords = {Neutron stars, Pulsars, General relativity, Compact objects, Binary pulsars, 1108, 1306, 641, 288, 153, Astrophysics - High Energy Astrophysical Phenomena},
year = 2021,
month = jul,
volume = {915},
number = {1},
eid = {L12},
pages = {L12},
doi = {10.3847/2041-8213/ac03b8},
archivePrefix = {arXiv},
eprint = {2104.00880},
primaryClass = {astro-ph.HE},
adsurl = {https://ui.adsabs.harvard.edu/abs/2021ApJ...915L..12F},
adsnote = {Provided by the SAO/NASA Astrophysics Data System}
}
%author = {{Fonseca}, E. and {Cromartie}, H.~T. and {Pennucci}, T.~T. and {Ray}, P.~S. and {Kirichenko}, A. Yu. and {Ransom}, S.~M. and {Demorest}, P.~B. and {Stairs}, I.~H. and {Arzoumanian}, Z. and {Guillemot}, L. and {Parthasarathy}, A. and {Kerr}, M. and {Cognard}, I. and {Baker}, P.~T. and {Blumer}, H. and {Brook}, P.~R. and {DeCesar}, M. and {Dolch}, T. and {Dong}, F.~A. and {Ferrara}, E.~C. and {Fiore}, W. and {Garver-Daniels}, N. and {Good}, D.~C. and {Jennings}, R. and {Jones}, M.~L. and {Kaspi}, V.~M. and {Lam}, M.~T. and {Lorimer}, D.~R. and {Luo}, J. and {McEwen}, A. and {McKee}, J.~W. and {McLaughlin}, M.~A. and {McMann}, N. and {Meyers}, B.~W. and {Naidu}, A. and {Ng}, C. and {Nice}, D.~J. and {Pol}, N. and {Radovan}, H.~A. and {Shapiro-Albert}, B. and {Tan}, C.~M. and {Tendulkar}, S.~P. and {Swiggum}, J.~K. and {Wahl}, H.~M. and {Zhu}, W.~W.},

% PSR J1614–2230
@article{MdFAlam:2021,
title = "The NANOGrav 12.5 yr data set: Observations and narrowband timing of 47 millisecond pulsars",
abstract = "We present time-of-arrival (TOA) measurements and timing models of 47 millisecond pulsars observed from 2004 to 2017 at the Arecibo Observatory and the Green Bank Telescope by the North American Nanohertz Observatory for Gravitational Waves (NANOGrav). The observing cadence was three to four weeks for most pulsars over most of this time span, with weekly observations of six sources. These data were collected for use in low-frequency gravitational wave searches and for other astrophysical purposes. We detail our observational methods and present a set of TOA measurements, based on 'narrowband analysis', in which many TOAs are calculated within narrow radio-frequency bands for data collected simultaneously across a wide bandwidth. A separate set of 'wideband'TOAs will be presented in a companion paper. We detail a number of methodological changes, compared to our previous work, which yield a cleaner and more uniformly processed data set. Our timing models include several new astrometric and binary pulsar measurements, including previously unpublished values for the parallaxes of PSRs J1832-0836 and J2322+2057, the secular derivatives of the projected semimajor orbital axes of PSRs J0613-0200 and J2229+2643, and the first detection of the Shapiro delay in PSR J2145-0750. We report detectable levels of red noise in the time series for 14 pulsars. As a check on timing model reliability, we investigate the stability of astrometric parameters across data sets of different lengths. We also report flux density measurements for all pulsars observed. Searches for stochastic and continuous gravitational waves using these data will be subjects of forthcoming publications.",
author = "Alam, {Md F.} and Zaven Arzoumanian and Baker, {Paul T.} and Harsha Blumer and others",
year = "2021",
month = jan,
doi = "10.3847/1538-4365/abc6a0",
language = "English",
volume = "252",
journal = "Astrophysical Journal Supplement Series",
issn = "0067-0049",
publisher = "American Astronomical Society",
number = "1",
}
%author = "Alam, {Md F.} and Zaven Arzoumanian and Baker, {Paul T.} and Harsha Blumer and Bohler, {Keith E.} and Adam Brazier and Brook, {Paul R.} and Sarah Burke-Spolaor and Keeisi Caballero and Camuccio, {Richard S.} and Chamberlain, {Rachel L.} and Shami Chatterjee and Cordes, {James M.} and Cornish, {Neil J.} and Fronefield Crawford and Cromartie, {H. Thankful} and DeCesar, {Megan E.} and Demorest, {Paul B.} and Timothy Dolch and Ellis, {Justin A.} and Ferdman, {Robert D.} and Ferrara, {Elizabeth C.} and William Fiore and Emmanuel Fonseca and Yhamil Garcia and Nathan Garver-Daniels and Gentile, {Peter A.} and Good, {Deborah C.} and Gusdorff, {Jordan A.} and Daniel Halmrast and Hazboun, {Jeffrey S.} and Kristina Islo and Jennings, {Ross J.} and Cody Jessup and Jones, {Megan L.} and Kaiser, {Andrew R.} and Kaplan, {David L.} and Kelley, {Luke Zoltan} and Key, {Joey Shapiro} and Lam, {Michael T.} and {W. Lazio}, {T. Joseph} and Lorimer, {Duncan R.} and Jing Luo and Lynch, {Ryan S.} and Madison, {Dustin R.} and Kaleb Maraccini and McLaughlin, {Maura A.} and Mingarelli, {Chiara M. F.} and Cherry Ng and Nguyen, {Benjamin M. X.} and Nice, {David J.} and Pennucci, {Timothy T.} and Pol, {Nihan S.} and Joshua Ramette and Ransom, {Scott M.} and Ray, {Paul S.} and Shapiro-Albert, {Brent J.} and Xavier Siemens and Joseph Simon and Ren{\'e}e Spiewak and Stairs, {Ingrid H.} and Stinebring, {Daniel R.} and Kevin Stovall and Swiggum, {Joseph K.} and Taylor, {Stephen R.} and Michael Tripepi and Michele Vallisneri and Vigeland, {Sarah J.} and Witt, {Caitlin A.} and Weiwei Zhu",

% PSR J1614–2230
% MSP J0740+6620
@article{GAgazie:2023,
doi = {10.3847/2041-8213/acda9a},
url = {https://dx.doi.org/10.3847/2041-8213/acda9a},
year = {2023},
month = {jun},
publisher = {The American Astronomical Society},
volume = {951},
number = {1},
pages = {L9},
author = {Gabriella Agazie and Md Faisal Alam and Akash Anumarlapudi and Anne M. Archibald and others},
title = {The NANOGrav 15 yr Data Set: Observations and Timing of 68 Millisecond Pulsars},
journal = {The Astrophysical Journal Letters},
abstract = {We present observations and timing analyses of 68 millisecond pulsars (MSPs) comprising the 15 yr data set of the North American Nanohertz Observatory for Gravitational Waves (NANOGrav). NANOGrav is a pulsar timing array (PTA) experiment that is sensitive to low-frequency gravitational waves (GWs). This is NANOGrav’s fifth public data release, including both “narrowband” and “wideband” time-of-arrival (TOA) measurements and corresponding pulsar timing models. We have added 21 MSPs and extended our timing baselines by 3 yr, now spanning nearly 16 yr for some of our sources. The data were collected using the Arecibo Observatory, the Green Bank Telescope, and the Very Large Array between frequencies of 327 MHz and 3 GHz, with most sources observed approximately monthly. A number of notable methodological and procedural changes were made compared to our previous data sets. These improve the overall quality of the TOA data set and are part of the transition to new pulsar timing and PTA analysis software packages. For the first time, our data products are accompanied by a full suite of software to reproduce data reduction, analysis, and results. Our timing models include a variety of newly detected astrometric and binary pulsar parameters, including several significant improvements to pulsar mass constraints. We find that the time series of 23 pulsars contain detectable levels of red noise, 10 of which are new measurements. In this data set, we find evidence for a stochastic GW background.}
}
%author = {Gabriella Agazie and Md Faisal Alam and Akash Anumarlapudi and Anne M. Archibald and Zaven Arzoumanian and Paul T. Baker and Laura Blecha and Victoria Bonidie and Adam Brazier and Paul R. Brook and Sarah Burke-Spolaor and Bence Bécsy and Christopher Chapman and Maria Charisi and Shami Chatterjee and Tyler Cohen and James M. Cordes and Neil J. Cornish and Fronefield Crawford and H. Thankful Cromartie and Kathryn Crowter and Megan E. DeCesar and Paul B. Demorest and Timothy Dolch and Brendan Drachler and Elizabeth C. Ferrara and William Fiore and Emmanuel Fonseca and Gabriel E. Freedman and Nate Garver-Daniels and Peter A. Gentile and Joseph Glaser and Deborah C. Good and Kayhan Gültekin and Jeffrey S. Hazboun and Ross J. Jennings and Cody Jessup and Aaron D. Johnson and Megan L. Jones and Andrew R. Kaiser and David L. Kaplan and Luke Zoltan Kelley and Matthew Kerr and Joey S. Key and Anastasia Kuske and Nima Laal and Michael T. Lam and William G. Lamb and T. Joseph W. Lazio and Natalia Lewandowska and Ye Lin and Tingting Liu and Duncan R. Lorimer and Jing Luo and Ryan S. Lynch and Chung-Pei Ma and Dustin R. Madison and Kaleb Maraccini and Alexander McEwen and James W. McKee and Maura A. McLaughlin and Natasha McMann and Bradley W. Meyers and Chiara M. F. Mingarelli and Andrea Mitridate and Cherry Ng and David J. Nice and Stella Koch Ocker and Ken D. Olum and Elisa Panciu and Timothy T. Pennucci and Benetge B. P. Perera and Nihan S. Pol and Henri A. Radovan and Scott M. Ransom and Paul S. Ray and Joseph D. Romano and Laura Salo and Shashwat C. Sardesai and Carl Schmiedekamp and Ann Schmiedekamp and Kai Schmitz and Brent J. Shapiro-Albert and Xavier Siemens and Joseph Simon and Magdalena S. Siwek and Ingrid H. Stairs and Daniel R. Stinebring and Kevin Stovall and Abhimanyu Susobhanan and Joseph K. Swiggum and Stephen R. Taylor and Jacob E. Turner and Caner Unal and Michele Vallisneri and Sarah J. Vigeland and Haley M. Wahl and Qiaohong Wang and Caitlin A. Witt and Olivia Young and The NANOGrav Collaboration},

% ====================================
% Gravitational waves
% ====================================

@article{THinderer:2008,
doi = {10.1086/533487},
url = {https://dx.doi.org/10.1086/533487},
year = {2008},
month = {apr},
publisher = {},
volume = {677},
number = {2},
pages = {1216},
author = {Hinderer, Tanja},
title = {Tidal Love Numbers of Neutron Stars},
journal = {The Astrophysical Journal},
abstract = {For a variety of fully relativistic polytropic neutron star models we calculate the star’s tidal Love number k2. Most realistic equations of state for neutron stars can be approximated as a polytrope with an effective index n ≈ 0.5–1.0. The equilibrium stellar model is obtained by numerical integration of the Tolman-Oppenheimer-Volkhov equations. We calculate the linear l = 2 static perturbations to the Schwarzschild spacetime following the method of Thorne and Campolattaro. Combining the perturbed Einstein equations into a single second-order differential equation for the perturbation to the metric coefficient gtt and matching the exterior solution to the asymptotic expansion of the metric in the star’s local asymptotic rest frame gives the Love number. Our results agree well with the Newtonian results in the weak field limit. The fully relativistic values differ from the Newtonian values by up to ~24%. The Love number is potentially measurable in gravitational wave signals from inspiralling binary neutron stars.}
}

@article{TBinnington:2009,
title = {Relativistic theory of tidal Love numbers},
author = {Binnington, Taylor and Poisson, Eric},
journal = {Phys. Rev. D},
volume = {80},
issue = {8},
pages = {084018},
numpages = {30},
year = {2009},
month = {Oct},
publisher = {American Physical Society},
doi = {10.1103/PhysRevD.80.084018},
url = {https://link.aps.org/doi/10.1103/PhysRevD.80.084018}
}

@article{TDamour:2009,
title = {Relativistic tidal properties of neutron stars},
author = {Damour, Thibault and Nagar, Alessandro},
journal = {Phys. Rev. D},
volume = {80},
issue = {8},
pages = {084035},
numpages = {21},
year = {2009},
month = {Oct},
publisher = {American Physical Society},
doi = {10.1103/PhysRevD.80.084035},
url = {https://link.aps.org/doi/10.1103/PhysRevD.80.084035}
}

@article{THinderer:2010,
title = {Tidal deformability of neutron stars with realistic equations of state and their gravitational wave signatures in binary inspiral},
author = {Hinderer, Tanja and Lackey, Benjamin D. and Lang, Ryan N. and Read, Jocelyn S.},
journal = {Phys. Rev. D},
volume = {81},
issue = {12},
pages = {123016},
numpages = {12},
year = {2010},
month = {Jun},
publisher = {American Physical Society},
doi = {10.1103/PhysRevD.81.123016},
url = {https://link.aps.org/doi/10.1103/PhysRevD.81.123016}
}


@article{KThorne:1967,
       author = {{Thorne}, Kip S. and {Campolattaro}, Alfonso},
        title = "{Non-Radial Pulsation of General-Relativistic Stellar Models. I. Analytic Analysis for L $>=$ 2}",
         year = 1967,
        month = sep,
        pages = {591},
        journal = {Astrophys. J.},
        vol = {140},
          doi = {10.1086/149288},
    publisher = {IOP},
       url = {https://ui.adsabs.harvard.edu/abs/1967ApJ...149..591T},
}

@article{SPostnikov:2010,
  title = {Tidal Love numbers of neutron and self-bound quark stars},
  author = {Postnikov, Sergey and Prakash, Madappa and Lattimer, James M.},
  journal = {Phys. Rev. D},
  volume = {82},
  issue = {2},
  pages = {024016},
  numpages = {12},
  year = {2010},
  month = {Jul},
  publisher = {American Physical Society},
  doi = {10.1103/PhysRevD.82.024016},
  url = {https://link.aps.org/doi/10.1103/PhysRevD.82.024016}
}



% GW170817
@ARTICLE{BPAbbott:2017,
author = {Abbott, B. P. and Abbott, R. and Abbott, T. D. and others}, 
collaboration = {LIGO Scientific Collaboration and Virgo Collaboration},
title = "{GW170817: Observation of Gravitational Waves from a Binary Neutron Star Inspiral}",
journal = {\prl},
keywords = {General Relativity and Quantum Cosmology, Astrophysics - High Energy Astrophysical Phenomena},
year = 2017,
month = oct,
volume = {119},
number = {16},
eid = {161101},
pages = {161101},
doi = {10.1103/PhysRevLett.119.161101},
archivePrefix = {arXiv},
eprint = {1710.05832},
primaryClass = {gr-qc},
adsurl = {https://ui.adsabs.harvard.edu/abs/2017PhRvL.119p1101A},
adsnote = {Provided by the SAO/NASA Astrophysics Data System}
}

@article{SDe:2018,
title = {Tidal Deformabilities and Radii of Neutron Stars from the Observation of GW170817},
author = {De, Soumi and Finstad, Daniel and Lattimer, James M. and Brown, Duncan A. and Berger, Edo and Biwer, Christopher M.},
journal = {Phys. Rev. Lett.},
volume = {121},
issue = {9},
pages = {091102},
numpages = {6},
year = {2018},
month = {Aug},
publisher = {American Physical Society},
doi = {10.1103/PhysRevLett.121.091102},
url = {https://link.aps.org/doi/10.1103/PhysRevLett.121.091102}
}

@article{BPAbbott:2018,
title = {GW170817: Measurements of Neutron Star Radii and Equation of State},
author = {Abbott, B. P. and Abbott, R. and Abbott, T. D. and Acernese, F. and Ackley, K. and others},
collaboration = {The LIGO Scientific Collaboration and the Virgo Collaboration},
journal = {Phys. Rev. Lett.},
volume = {121},
issue = {16},
pages = {161101},
numpages = {16},
year = {2018},
month = {Oct},
publisher = {American Physical Society},
doi = {10.1103/PhysRevLett.121.161101},
url = {https://link.aps.org/doi/10.1103/PhysRevLett.121.161101}
}
%author = {Abbott, B. P. and Abbott, R. and Abbott, T. D. and Acernese, F. and Ackley, K. and Adams, C. and Adams, T. and Addesso, P. and Adhikari, R. X. and Adya, V. B. and Affeldt, C. and Agarwal, B. and Agathos, M. and Agatsuma, K. and Aggarwal, N. and Aguiar, O. D. and Aiello, L. and Ain, A. and Ajith, P. and Allen, B. and Allen, G. and Allocca, A. and Aloy, M. A. and Altin, P. A. and Amato, A. and Ananyeva, A. and Anderson, S. B. and Anderson, W. G. and Angelova, S. V. and Antier, S. and Appert, S. and Arai, K. and Araya, M. C. and Areeda, J. S. and Ar\`ene, M. and Arnaud, N. and Arun, K. G. and Ascenzi, S. and Ashton, G. and Ast, M. and Aston, S. M. and Astone, P. and Atallah, D. V. and Aubin, F. and Aufmuth, P. and Aulbert, C. and AultONeal, K. and Austin, C. and Avila-Alvarez, A. and Babak, S. and Bacon, P. and Badaracco, F. and Bader, M. K. M. and Bae, S. and Baker, P. T. and Baldaccini, F. and Ballardin, G. and Ballmer, S. W. and Banagiri, S. and Barayoga, J. C. and Barclay, S. E. and Barish, B. C. and Barker, D. and Barkett, K. and Barnum, S. and Barone, F. and Barr, B. and Barsotti, L. and Barsuglia, M. and Barta, D. and Bartlett, J. and Bartos, I. and Bassiri, R. and Basti, A. and Batch, J. C. and Bawaj, M. and Bayley, J. C. and Bazzan, M. and B\'ecsy, B. and Beer, C. and Bejger, M. and Belahcene, I. and Bell, A. S. and Beniwal, D. and Bensch, M. and Berger, B. K. and Bergmann, G. and Bernuzzi, S. and Bero, J. J. and Berry, C. P. L. and Bersanetti, D. and Bertolini, A. and Betzwieser, J. and Bhandare, R. and Bilenko, I. A. and Bilgili, S. A. and Billingsley, G. and Billman, C. R. and Birch, J. and Birney, I. A. and Birnholtz, O. and Biscans, S. and Biscoveanu, S. and Bisht, A. and Bitossi, M. and Bizouard, M. A. and Blackburn, J. K. and Blackman, J. and Blair, C. D. and Blair, D. G. and Blair, R. M. and Bloemen, S. and Bock, O. and Bode, N. and Boer, M. and Boetzel, Y. and Bogaert, G. and Bohe, A. and Bondu, F. and Bonilla, E. and Bonnand, R. and Booker, P. and Boom, B. A. and Booth, C. D. and Bork, R. and Boschi, V. and Bose, S. and Bossie, K. and Bossilkov, V. and Bosveld, J. and Bouffanais, Y. and Bozzi, A. and Bradaschia, C. and Brady, P. R. and Bramley, A. and Branchesi, M. and Brau, J. E. and Briant, T. and Brighenti, F. and Brillet, A. and Brinkmann, M. and Brisson, V. and Brockill, P. and Brooks, A. F. and Brown, D. D. and Brunett, S. and Buchanan, C. C. and Buikema, A. and Bulik, T. and Bulten, H. J. and Buonanno, A. and Buskulic, D. and Buy, C. and Byer, R. L. and Cabero, M. and Cadonati, L. and Cagnoli, G. and Cahillane, C. and Calder\'on Bustillo, J. and Callister, T. A. and Calloni, E. and Camp, J. B. and Canepa, M. and Canizares, P. and Cannon, K. C. and Cao, H. and Cao, J. and Capano, C. D. and Capocasa, E. and Carbognani, F. and Caride, S. and Carney, M. F. and Carullo, G. and Casanueva Diaz, J. and Casentini, C. and Caudill, S. and Cavagli\`a, M. and Cavalier, F. and Cavalieri, R. and Cella, G. and Cepeda, C. B. and Cerd\'a-Dur\'an, P. and Cerretani, G. and Cesarini, E. and Chaibi, O. and Chamberlin, S. J. and Chan, M. and Chao, S. and Charlton, P. and Chase, E. and Chassande-Mottin, E. and Chatterjee, D. and Chatziioannou, K. and Cheeseboro, B. D. and Chen, H. Y. and Chen, X. and Chen, Y. and Cheng, H.-P. and Chia, H. Y. and Chincarini, A. and Chiummo, A. and Chmiel, T. and Cho, H. S. and Cho, M. and Chow, J. H. and Christensen, N. and Chu, Q. and Chua, A. J. K. and Chua, S. and Chung, K. W. and Chung, S. and Ciani, G. and Ciobanu, A. A. and Ciolfi, R. and Cipriano, F. and Cirelli, C. E. and Cirone, A. and Clara, F. and Clark, J. A. and Clearwater, P. and Cleva, F. and Cocchieri, C. and Coccia, E. and Cohadon, P.-F. and Cohen, D. and Colla, A. and Collette, C. G. and Collins, C. and Cominsky, L. R. and Constancio, M. and Conti, L. and Cooper, S. J. and Corban, P. and Corbitt, T. R. and Cordero-Carri\'on, I. and Corley, K. R. and Cornish, N. and Corsi, A. and Cortese, S. and Costa, C. A. and Cotesta, R. and Coughlin, M. W. and Coughlin, S. B. and Coulon, J.-P. and Countryman, S. T. and Couvares, P. and Covas, P. B. and Cowan, E. E. and Coward, D. M. and Cowart, M. J. and Coyne, D. C. and Coyne, R. and Creighton, J. D. E. and Creighton, T. D. and Cripe, J. and Crowder, S. G. and Cullen, T. J. and Cumming, A. and Cunningham, L. and Cuoco, E. and Canton, T. Dal and D\'alya, G. and Danilishin, S. L. and D'Antonio, S. and Danzmann, K. and Dasgupta, A. and Da Silva Costa, C. F. and Dattilo, V. and Dave, I. and Davier, M. and Davis, D. and Daw, E. J. and Day, B. and DeBra, D. and Deenadayalan, M. and Degallaix, J. and De Laurentis, M. and Del\'eglise, S. and Del Pozzo, W. and Demos, N. and Denker, T. and Dent, T. and De Pietri, R. and Derby, J. and Dergachev, V. and De Rosa, R. and De Rossi, C. and DeSalvo, R. and de Varona, O. and Dhurandhar, S. and D\'{\i}az, M. C. and Dietrich, T. and Di Fiore, L. and Di Giovanni, M. and Di Girolamo, T. and Di Lieto, A. and Ding, B. and Di Pace, S. and Di Palma, I. and Di Renzo, F. and Dmitriev, A. and Doctor, Z. and Dolique, V. and Donovan, F. and Dooley, K. L. and Doravari, S. and Dorrington, I. and Dovale \'Alvarez, M. and Downes, T. P. and Drago, M. and Dreissigacker, C. and Driggers, J. C. and Du, Z. and Dupej, P. and Dwyer, S. E. and Easter, P. J. and Edo, T. B. and Edwards, M. C. and Effler, A. and Eggenstein, H.-B. and Ehrens, P. and Eichholz, J. and Eikenberry, S. S. and Eisenmann, M. and Eisenstein, R. A. and Essick, R. C. and Estelles, H. and Estevez, D. and Etienne, Z. B. and Etzel, T. and Evans, M. and Evans, T. M. and Fafone, V. and Fair, H. and Fairhurst, S. and Fan, X. and Farinon, S. and Farr, B. and Farr, W. M. and Fauchon-Jones, E. J. and Favata, M. and Fays, M. and Fee, C. and Fehrmann, H. and Feicht, J. and Fejer, M. M. and Feng, F. and Fernandez-Galiana, A. and Ferrante, I. and Ferreira, E. C. and Ferrini, F. and Fidecaro, F. and Fiori, I. and Fiorucci, D. and Fishbach, M. and Fisher, R. P. and Fishner, J. M. and Fitz-Axen, M. and Flaminio, R. and Fletcher, M. and Fong, H. and Font, J. A. and Forsyth, P. W. F. and Forsyth, S. S. and Fournier, J.-D. and Frasca, S. and Frasconi, F. and Frei, Z. and Freise, A. and Frey, R. and Frey, V. and Fritschel, P. and Frolov, V. V. and Fulda, P. and Fyffe, M. and Gabbard, H. A. and Gadre, B. U. and Gaebel, S. M. and Gair, J. R. and Gammaitoni, L. and Ganija, M. R. and Gaonkar, S. G. and Garcia, A. and Garc\'{\i}a-Quir\'os, C. and Garufi, F. and Gateley, B. and Gaudio, S. and Gaur, G. and Gayathri, V. and Gemme, G. and Genin, E. and Gennai, A. and George, D. and George, J. and Gergely, L. and Germain, V. and Ghonge, S. and Ghosh, Abhirup and Ghosh, Archisman and Ghosh, S. and Giacomazzo, B. and Giaime, J. A. and Giardina, K. D. and Giazotto, A. and Gill, K. and Giordano, G. and Glover, L. and Goetz, E. and Goetz, R. and Goncharov, B. and Gonz\'alez, G. and Gonzalez Castro, J. M. and Gopakumar, A. and Gorodetsky, M. L. and Gossan, S. E. and Gosselin, M. and Gouaty, R. and Grado, A. and Graef, C. and Granata, M. and Grant, A. and Gras, S. and Gray, C. and Greco, G. and Green, A. C. and Green, R. and Gretarsson, E. M. and Groot, P. and Grote, H. and Grunewald, S. and Gruning, P. and Guidi, G. M. and Gulati, H. K. and Guo, X. and Gupta, A. and Gupta, M. K. and Gushwa, K. E. and Gustafson, E. K. and Gustafson, R. and Halim, O. and Hall, B. R. and Hall, E. D. and Hamilton, E. Z. and Hamilton, H. F. and Hammond, G. and Haney, M. and Hanke, M. M. and Hanks, J. and Hanna, C. and Hannam, M. D. and Hannuksela, O. A. and Hanson, J. and Hardwick, T. and Harms, J. and Harry, G. M. and Harry, I. W. and Hart, M. J. and Haster, C.-J. and Haughian, K. and Healy, J. and Heidmann, A. and Heintze, M. C. and Heitmann, H. and Hello, P. and Hemming, G. and Hendry, M. and Heng, I. S. and Hennig, J. and Heptonstall, A. W. and Hernandez, F. J. and Heurs, M. and Hild, S. and Hinderer, T. and Ho, W. C. G. and Hoak, D. and Hochheim, S. and Hofman, D. and Holland, N. A. and Holt, K. and Holz, D. E. and Hopkins, P. and Horst, C. and Hough, J. and Houston, E. A. and Howell, E. J. and Hreibi, A. and Huerta, E. A. and Huet, D. and Hughey, B. and Hulko, M. and Husa, S. and Huttner, S. H. and Huynh-Dinh, T. and Iess, A. and Indik, N. and Ingram, C. and Inta, R. and Intini, G. and Irwin, B. S. and Isa, H. N. and Isac, J.-M. and Isi, M. and Iyer, B. R. and Izumi, K. and Jacqmin, T. and Jani, K. and Jaranowski, P. and Johnson, D. S. and Johnson, W. W. and Jones, D. I. and Jones, R. and Jonker, R. J. G. and Ju, L. and Junker, J. and Kalaghatgi, C. V. and Kalogera, V. and Kamai, B. and Kandhasamy, S. and Kang, G. and Kanner, J. B. and Kapadia, S. J. and Karki, S. and Karvinen, K. S. and Kasprzack, M. and Katolik, M. and Katsanevas, S. and Katsavounidis, E. and Katzman, W. and Kaufer, S. and Kawabe, K. and Keerthana, N. V. and K\'ef\'elian, F. and Keitel, D. and Kemball, A. J. and Kennedy, R. and Key, J. S. and Khalili, F. Y. and Khamesra, B. and Khan, H. and Khan, I. and Khan, S. and Khan, Z. and Khazanov, E. A. and Kijbunchoo, N. and Kim, Chunglee and Kim, J. C. and Kim, K. and Kim, W. and Kim, W. S. and Kim, Y.-M. and King, E. J. and King, P. J. and Kinley-Hanlon, M. and Kirchhoff, R. and Kissel, J. S. and Kleybolte, L. and Klimenko, S. and Knowles, T. D. and Koch, P. and Koehlenbeck, S. M. and Koley, S. and Kondrashov, V. and Kontos, A. and Korobko, M. and Korth, W. Z. and Kowalska, I. and Kozak, D. B. and Kr\"amer, C. and Kringel, V. and Krishnan, B. and Kr\'olak, A. and Kuehn, G. and Kumar, P. and Kumar, R. and Kumar, S. and Kuo, L. and Kutynia, A. and Kwang, S. and Lackey, B. D. and Lai, K. H. and Landry, M. and Landry, P. and Lang, R. N. and Lange, J. and Lantz, B. and Lanza, R. K. and Lartaux-Vollard, A. and Lasky, P. D. and Laxen, M. and Lazzarini, A. and Lazzaro, C. and Leaci, P. and Leavey, S. and Lee, C. H. and Lee, H. K. and Lee, H. M. and Lee, H. W. and Lee, K. and Lehmann, J. and Lenon, A. and Leonardi, M. and Leroy, N. and Letendre, N. and Levin, Y. and Li, J. and Li, T. G. F. and Li, X. and Linker, S. D. and Littenberg, T. B. and Liu, J. and Liu, X. and Lo, R. K. L. and Lockerbie, N. A. and London, L. T. and Longo, A. and Lorenzini, M. and Loriette, V. and Lormand, M. and Losurdo, G. and Lough, J. D. and Lousto, C. O. and Lovelace, G. and L\"uck, H. and Lumaca, D. and Lundgren, A. P. and Lynch, R. and Ma, Y. and Macas, R. and Macfoy, S. and Machenschalk, B. and MacInnis, M. and Macleod, D. M. and Maga\~na Hernandez, I. and Maga\~na-Sandoval, F. and Maga\~na Zertuche, L. and Magee, R. M. and Majorana, E. and Maksimovic, I. and Man, N. and Mandic, V. and Mangano, V. and Mansell, G. L. and Manske, M. and Mantovani, M. and Marchesoni, F. and Marion, F. and M\'arka, S. and M\'arka, Z. and Markakis, C. and Markosyan, A. S. and Markowitz, A. and Maros, E. and Marquina, A. and Martelli, F. and Martellini, L. and Martin, I. W. and Martin, R. M. and Martynov, D. V. and Mason, K. and Massera, E. and Masserot, A. and Massinger, T. J. and Masso-Reid, M. and Mastrogiovanni, S. and Matas, A. and Matichard, F. and Matone, L. and Mavalvala, N. and Mazumder, N. and McCann, J. J. and McCarthy, R. and McClelland, D. E. and McCormick, S. and McCuller, L. and McGuire, S. C. and McIver, J. and McManus, D. J. and McRae, T. and McWilliams, S. T. and Meacher, D. and Meadors, G. D. and Mehmet, M. and Meidam, J. and Mejuto-Villa, E. and Melatos, A. and Mendell, G. and Mendoza-Gandara, D. and Mercer, R. A. and Mereni, L. and Merilh, E. L. and Merzougui, M. and Meshkov, S. and Messenger, C. and Messick, C. and Metzdorff, R. and Meyers, P. M. and Miao, H. and Michel, C. and Middleton, H. and Mikhailov, E. E. and Milano, L. and Miller, A. L. and Miller, A. and Miller, B. B. and Miller, J. and Millhouse, M. and Mills, J. and Milovich-Goff, M. C. and Minazzoli, O. and Minenkov, Y. and Ming, J. and Mishra, C. and Mitra, S. and Mitrofanov, V. P. and Mitselmakher, G. and Mittleman, R. and Moffa, D. and Mogushi, K. and Mohan, M. and Mohapatra, S. R. P. and Montani, M. and Moore, C. J. and Moraru, D. and Moreno, G. and Morisaki, S. and Mours, B. and Mow-Lowry, C. M. and Mueller, G. and Muir, A. W. and Mukherjee, Arunava and Mukherjee, D. and Mukherjee, S. and Mukund, N. and Mullavey, A. and Munch, J. and Mu\~niz, E. A. and Muratore, M. and Murray, P. G. and Nagar, A. and Napier, K. and Nardecchia, I. and Naticchioni, L. and Nayak, R. K. and Neilson, J. and Nelemans, G. and Nelson, T. J. N. and Nery, M. and Neunzert, A. and Nevin, L. and Newport, J. M. and Ng, K. Y. and Ng, S. and Nguyen, P. and Nguyen, T. T. and Nichols, D. and Nielsen, A. B. and Nissanke, S. and Nitz, A. and Nocera, F. and Nolting, D. and North, C. and Nuttall, L. K. and Obergaulinger, M. and Oberling, J. and O'Brien, B. D. and O'Dea, G. D. and Ogin, G. H. and Oh, J. J. and Oh, S. H. and Ohme, F. and Ohta, H. and Okada, M. A. and Oliver, M. and Oppermann, P. and Oram, Richard J. and O'Reilly, B. and Ormiston, R. and Ortega, L. F. and O'Shaughnessy, R. and Ossokine, S. and Ottaway, D. J. and Overmier, H. and Owen, B. J. and Pace, A. E. and Pagano, G. and Page, J. and Page, M. A. and Pai, A. and Pai, S. A. and Palamos, J. R. and Palashov, O. and Palomba, C. and Pal-Singh, A. and Pan, Howard and Pan, Huang-Wei and Pang, B. and Pang, P. T. H. and Pankow, C. and Pannarale, F. and Pant, B. C. and Paoletti, F. and Paoli, A. and Papa, M. A. and Parida, A. and Parker, W. and Pascucci, D. and Pasqualetti, A. and Passaquieti, R. and Passuello, D. and Patil, M. and Patricelli, B. and Pearlstone, B. L. and Pedersen, C. and Pedraza, M. and Pedurand, R. and Pekowsky, L. and Pele, A. and Penn, S. and Perego, A. and Perez, C. J. and Perreca, A. and Perri, L. M. and Pfeiffer, H. P. and Phelps, M. and Phukon, K. S. and Piccinni, O. J. and Pichot, M. and Piergiovanni, F. and Pierro, V. and Pillant, G. and Pinard, L. and Pinto, I. M. and Pirello, M. and Pitkin, M. and Poggiani, R. and Popolizio, P. and Porter, E. K. and Possenti, L. and Post, A. and Powell, J. and Prasad, J. and Pratt, J. W. W. and Pratten, G. and Predoi, V. and Prestegard, T. and Principe, M. and Privitera, S. and Prodi, G. A. and Prokhorov, L. G. and Puncken, O. and Punturo, M. and Puppo, P. and P\"urrer, M. and Qi, H. and Quetschke, V. and Quintero, E. A. and Quitzow-James, R. and Raab, F. J. and Rabeling, D. S. and Radkins, H. and Raffai, P. and Raja, S. and Rajan, C. and Rajbhandari, B. and Rakhmanov, M. and Ramirez, K. E. and Ramos-Buades, A. and Rana, Javed and Rapagnani, P. and Raymond, V. and Razzano, M. and Read, J. and Regimbau, T. and Rei, L. and Reid, S. and Reitze, D. H. and Ren, W. and Ricci, F. and Ricker, P. M. and Riemenschneider, G. M. and Riles, K. and Rizzo, M. and Robertson, N. A. and Robie, R. and Robinet, F. and Robson, T. and Rocchi, A. and Rolland, L. and Rollins, J. G. and Roma, V. J. and Romano, R. and Romel, C. L. and Romie, J. H. and Rosi\ifmmode \acute{n}\else \'{n}\fi{}ska, D. and Ross, M. P. and Rowan, S. and R\"udiger, A. and Ruggi, P. and Rutins, G. and Ryan, K. and Sachdev, S. and Sadecki, T. and Sakellariadou, M. and Salconi, L. and Saleem, M. and Salemi, F. and Samajdar, A. and Sammut, L. and Sampson, L. M. and Sanchez, E. J. and Sanchez, L. E. and Sanchis-Gual, N. and Sandberg, V. and Sanders, J. R. and Sarin, N. and Sassolas, B. and Sathyaprakash, B. S. and Saulson, P. R. and Sauter, O. and Savage, R. L. and Sawadsky, A. and Schale, P. and Scheel, M. and Scheuer, J. and Schmidt, P. and Schnabel, R. and Schofield, R. M. S. and Sch\"onbeck, A. and Schreiber, E. and Schuette, D. and Schulte, B. W. and Schutz, B. F. and Schwalbe, S. G. and Scott, J. and Scott, S. M. and Seidel, E. and Sellers, D. and Sengupta, A. S. and Sentenac, D. and Sequino, V. and Sergeev, A. and Setyawati, Y. and Shaddock, D. A. and Shaffer, T. J. and Shah, A. A. and Shahriar, M. S. and Shaner, M. B. and Shao, L. and Shapiro, B. and Shawhan, P. and Shen, H. and Shoemaker, D. H. and Shoemaker, D. M. and Siellez, K. and Siemens, X. and Sieniawska, M. and Sigg, D. and Silva, A. D. and Singer, L. P. and Singh, A. and Singhal, A. and Sintes, A. M. and Slagmolen, B. J. J. and Slaven-Blair, T. J. and Smith, B. and Smith, J. R. and Smith, R. J. E. and Somala, S. and Son, E. J. and Sorazu, B. and Sorrentino, F. and Souradeep, T. and Spencer, A. P. and Srivastava, A. K. and Staats, K. and Steinke, M. and Steinlechner, J. and Steinlechner, S. and Steinmeyer, D. and Steltner, B. and Stevenson, S. P. and Stocks, D. and Stone, R. and Stops, D. J. and Strain, K. A. and Stratta, G. and Strigin, S. E. and Strunk, A. and Sturani, R. and Stuver, A. L. and Summerscales, T. Z. and Sun, L. and Sunil, S. and Suresh, J. and Sutton, P. J. and Swinkels, B. L. and Szczepa\ifmmode \acute{n}\else \'{n}\fi{}czyk, M. J. and Tacca, M. and Tait, S. C. and Talbot, C. and Talukder, D. and Tanner, D. B. and T\'apai, M. and Taracchini, A. and Tasson, J. D. and Taylor, J. A. and Taylor, R. and Tewari, S. V. and Theeg, T. and Thies, F. and Thomas, E. G. and Thomas, M. and Thomas, P. and Thorne, K. A. and Thrane, E. and Tiwari, S. and Tiwari, V. and Tokmakov, K. V. and Toland, K. and Tonelli, M. and Tornasi, Z. and Torres-Forn\'e, A. and Torrie, C. I. and T\"oyr\"a, D. and Travasso, F. and Traylor, G. and Trinastic, J. and Tringali, M. C. and Trovato, A. and Trozzo, L. and Tsang, K. W. and Tse, M. and Tso, R. and Tsuna, D. and Tsukada, L. and Tuyenbayev, D. and Ueno, K. and Ugolini, D. and Urban, A. L. and Usman, S. A. and Vahlbruch, H. and Vajente, G. and Valdes, G. and van Bakel, N. and van Beuzekom, M. and van den Brand, J. F. J. and Van Den Broeck, C. and Vander-Hyde, D. C. and van der Schaaf, L. and van Heijningen, J. V. and van Veggel, A. A. and Vardaro, M. and Varma, V. and Vass, S. and Vas\'uth, M. and Vecchio, A. and Vedovato, G. and Veitch, J. and Veitch, P. J. and Venkateswara, K. and Venugopalan, G. and Verkindt, D. and Vetrano, F. and Vicer\'e, A. and Viets, A. D. and Vinciguerra, S. and Vine, D. J. and Vinet, J.-Y. and Vitale, S. and Vo, T. and Vocca, H. and Vorvick, C. and Vyatchanin, S. P. and Wade, A. R. and Wade, L. E. and Wade, M. and Walet, R. and Walker, M. and Wallace, L. and Walsh, S. and Wang, G. and Wang, H. and Wang, J. Z. and Wang, W. H. and Wang, Y. F. and Ward, R. L. and Warner, J. and Was, M. and Watchi, J. and Weaver, B. and Wei, L.-W. and Weinert, M. and Weinstein, A. J. and Weiss, R. and Wellmann, F. and Wen, L. and Wessel, E. K. and We\ss{}els, P. and Westerweck, J. and Wette, K. and Whelan, J. T. and Whiting, B. F. and Whittle, C. and Wilken, D. and Williams, D. and Williams, R. D. and Williamson, A. R. and Willis, J. L. and Willke, B. and Wimmer, M. H. and Winkler, W. and Wipf, C. C. and Wittel, H. and Woan, G. and Woehler, J. and Wofford, J. K. and Wong, W. K. and Worden, J. and Wright, J. L. and Wu, D. S. and Wysocki, D. M. and Xiao, S. and Yam, W. and Yamamoto, H. and Yancey, C. C. and Yang, L. and Yap, M. J. and Yazback, M. and Yu, Hang and Yu, Haocun and Yvert, M. and Zadro\ifmmode \dot{z}\else \.{z}\fi{}ny, A. and Zanolin, M. and Zelenova, T. and Zendri, J.-P. and Zevin, M. and Zhang, J. and Zhang, L. and Zhang, M. and Zhang, T. and Zhang, Y.-H. and Zhao, C. and Zhou, M. and Zhou, Z. and Zhu, S. J. and Zhu, X. J. and Zimmerman, A. B. and Zlochower, Y. and Zucker, M. E. and Zweizig, J.},


@article{BPAbbott:2019,
title = {Properties of the Binary Neutron Star Merger GW170817},
author = {Abbott, B. P. and Abbott, R. and Abbott, T. D. and Acernese, F. and others},
collaboration = {LIGO Scientific Collaboration and Virgo Collaboration},
journal = {Phys. Rev. X},
volume = {9},
issue = {1},
pages = {011001},
numpages = {32},
year = {2019},
month = {Jan},
publisher = {American Physical Society},
doi = {10.1103/PhysRevX.9.011001},
url = {https://link.aps.org/doi/10.1103/PhysRevX.9.011001}
}
%author = {Abbott, B. P. and Abbott, R. and Abbott, T. D. and Acernese, F. and Ackley, K. and Adams, C. and Adams, T. and Addesso, P. and Adhikari, R. X. and Adya, V. B. and Affeldt, C. and Agarwal, B. and Agathos, M. and Agatsuma, K. and Aggarwal, N. and Aguiar, O. D. and Aiello, L. and Ain, A. and Ajith, P. and Allen, B. and Allen, G. and Allocca, A. and Aloy, M. A. and Altin, P. A. and Amato, A. and Ananyeva, A. and Anderson, S. B. and Anderson, W. G. and Angelova, S. V. and Antier, S. and Appert, S. and Arai, K. and Araya, M. C. and Areeda, J. S. and Ar\`ene, M. and Arnaud, N. and Arun, K. G. and Ascenzi, S. and Ashton, G. and Ast, M. and Aston, S. M. and Astone, P. and Atallah, D. V. and Aubin, F. and Aufmuth, P. and Aulbert, C. and AultONeal, K. and Austin, C. and Avila-Alvarez, A. and Babak, S. and Bacon, P. and Badaracco, F. and Bader, M. K. M. and Bae, S. and Baker, P. T. and Baldaccini, F. and Ballardin, G. and Ballmer, S. W. and Banagiri, S. and Barayoga, J. C. and Barclay, S. E. and Barish, B. C. and Barker, D. and Barkett, K. and Barnum, S. and Barone, F. and Barr, B. and Barsotti, L. and Barsuglia, M. and Barta, D. and Bartlett, J. and Bartos, I. and Bassiri, R. and Basti, A. and Batch, J. C. and Bawaj, M. and Bayley, J. C. and Bazzan, M. and B\'ecsy, B. and Beer, C. and Bejger, M. and Belahcene, I. and Bell, A. S. and Beniwal, D. and Bensch, M. and Berger, B. K. and Bergmann, G. and Bernuzzi, S. and Bero, J. J. and Berry, C. P. L. and Bersanetti, D. and Bertolini, A. and Betzwieser, J. and Bhandare, R. and Bilenko, I. A. and Bilgili, S. A. and Billingsley, G. and Billman, C. R. and Birch, J. and Birney, I. A. and Birnholtz, O. and Biscans, S. and Biscoveanu, S. and Bisht, A. and Bitossi, M. and Bizouard, M. A. and Blackburn, J. K. and Blackman, J. and Blair, C. D. and Blair, D. G. and Blair, R. M. and Bloemen, S. and Bock, O. and Bode, N. and Boer, M. and Boetzel, Y. and Bogaert, G. and Bohe, A. and Bondu, F. and Bonilla, E. and Bonnand, R. and Booker, P. and Boom, B. A. and Booth, C. D. and Bork, R. and Boschi, V. and Bose, S. and Bossie, K. and Bossilkov, V. and Bosveld, J. and Bouffanais, Y. and Bozzi, A. and Bradaschia, C. and Brady, P. R. and Bramley, A. and Branchesi, M. and Brau, J. E. and Briant, T. and Brighenti, F. and Brillet, A. and Brinkmann, M. and Brisson, V. and Brockill, P. and Brooks, A. F. and Brown, D. D. and Brunett, S. and Buchanan, C. C. and Buikema, A. and Bulik, T. and Bulten, H. J. and Buonanno, A. and Buskulic, D. and Buy, C. and Byer, R. L. and Cabero, M. and Cadonati, L. and Cagnoli, G. and Cahillane, C. and Bustillo, J. Calder\'on and Callister, T. A. and Calloni, E. and Camp, J. B. and Canepa, M. and Canizares, P. and Cannon, K. C. and Cao, H. and Cao, J. and Capano, C. D. and Capocasa, E. and Carbognani, F. and Caride, S. and Carney, M. F. and Carullo, G. and Diaz, J. Casanueva and Casentini, C. and Caudill, S. and Cavagli\`a, M. and Cavalier, F. and Cavalieri, R. and Cella, G. and Cepeda, C. B. and Cerd\'a-Dur\'an, P. and Cerretani, G. and Cesarini, E. and Chaibi, O. and Chamberlin, S. J. and Chan, M. and Chao, S. and Charlton, P. and Chase, E. and Chassande-Mottin, E. and Chatterjee, D. and Chatziioannou, K. and Cheeseboro, B. D. and Chen, H. Y. and Chen, X. and Chen, Y. and Cheng, H.-P. and Chia, H. Y. and Chincarini, A. and Chiummo, A. and Chmiel, T. and Cho, H. S. and Cho, M. and Chow, J. H. and Christensen, N. and Chu, Q. and Chua, A. J. K. and Chua, S. and Chung, K. W. and Chung, S. and Ciani, G. and Ciobanu, A. A. and Ciolfi, R. and Cipriano, F. and Cirelli, C. E. and Cirone, A. and Clara, F. and Clark, J. A. and Clearwater, P. and Cleva, F. and Cocchieri, C. and Coccia, E. and Cohadon, P.-F. and Cohen, D. and Colla, A. and Collette, C. G. and Collins, C. and Cominsky, L. R. and Constancio, M. and Conti, L. and Cooper, S. J. and Corban, P. and Corbitt, T. R. and Cordero-Carri\'on, I. and Corley, K. R. and Cornish, N. and Corsi, A. and Cortese, S. and Costa, C. A. and Cotesta, R. and Coughlin, M. W. and Coughlin, S. B. and Coulon, J.-P. and Countryman, S. T. and Couvares, P. and Covas, P. B. and Cowan, E. E. and Coward, D. M. and Cowart, M. J. and Coyne, D. C. and Coyne, R. and Creighton, J. D. E. and Creighton, T. D. and Cripe, J. and Crowder, S. G. and Cullen, T. J. and Cumming, A. and Cunningham, L. and Cuoco, E. and Canton, T. Dal and D\'alya, G. and Danilishin, S. L. and D'Antonio, S. and Danzmann, K. and Dasgupta, A. and Costa, C. F. Da Silva and Dattilo, V. and Dave, I. and Davier, M. and Davis, D. and Daw, E. J. and Day, B. and DeBra, D. and Deenadayalan, M. and Degallaix, J. and De Laurentis, M. and Del\'eglise, S. and Del Pozzo, W. and Demos, N. and Denker, T. and Dent, T. and De Pietri, R. and Derby, J. and Dergachev, V. and De Rosa, R. and De Rossi, C. and DeSalvo, R. and de Varona, O. and Dhurandhar, S. and D\'{\i}az, M. C. and Dietrich, T. and Di Fiore, L. and Di Giovanni, M. and Di Girolamo, T. and Di Lieto, A. and Ding, B. and Di Pace, S. and Di Palma, I. and Di Renzo, F. and Dmitriev, A. and Doctor, Z. and Dolique, V. and Donovan, F. and Dooley, K. L. and Doravari, S. and Dorrington, I. and \'Alvarez, M. Dovale and Downes, T. P. and Drago, M. and Dreissigacker, C. and Driggers, J. C. and Du, Z. and Dudi, R. and Dupej, P. and Dwyer, S. E. and Easter, P. J. and Edo, T. B. and Edwards, M. C. and Effler, A. and Eggenstein, H.-B. and Ehrens, P. and Eichholz, J. and Eikenberry, S. S. and Eisenmann, M. and Eisenstein, R. A. and Essick, R. C. and Estelles, H. and Estevez, D. and Etienne, Z. B. and Etzel, T. and Evans, M. and Evans, T. M. and Fafone, V. and Fair, H. and Fairhurst, S. and Fan, X. and Farinon, S. and Farr, B. and Farr, W. M. and Fauchon-Jones, E. J. and Favata, M. and Fays, M. and Fee, C. and Fehrmann, H. and Feicht, J. and Fejer, M. M. and Feng, F. and Fernandez-Galiana, A. and Ferrante, I. and Ferreira, E. C. and Ferrini, F. and Fidecaro, F. and Fiori, I. and Fiorucci, D. and Fishbach, M. and Fisher, R. P. and Fishner, J. M. and Fitz-Axen, M. and Flaminio, R. and Fletcher, M. and Fong, H. and Font, J. A. and Forsyth, P. W. F. and Forsyth, S. S. and Fournier, J.-D. and Frasca, S. and Frasconi, F. and Frei, Z. and Freise, A. and Frey, R. and Frey, V. and Fritschel, P. and Frolov, V. V. and Fulda, P. and Fyffe, M. and Gabbard, H. A. and Gadre, B. U. and Gaebel, S. M. and Gair, J. R. and Gammaitoni, L. and Ganija, M. R. and Gaonkar, S. G. and Garcia, A. and Garc\'{\i}a-Quir\'os, C. and Garufi, F. and Gateley, B. and Gaudio, S. and Gaur, G. and Gayathri, V. and Gemme, G. and Genin, E. and Gennai, A. and George, D. and George, J. and Gergely, L. and Germain, V. and Ghonge, S. and Ghosh, Abhirup and Ghosh, Archisman and Ghosh, S. and Giacomazzo, B. and Giaime, J. A. and Giardina, K. D. and Giazotto, A. and Gill, K. and Giordano, G. and Glover, L. and Goetz, E. and Goetz, R. and Goncharov, B. and Gonz\'alez, G. and Castro, J. M. Gonzalez and Gopakumar, A. and Gorodetsky, M. L. and Gossan, S. E. and Gosselin, M. and Gouaty, R. and Grado, A. and Graef, C. and Granata, M. and Grant, A. and Gras, S. and Gray, C. and Greco, G. and Green, A. C. and Green, R. and Gretarsson, E. M. and Groot, P. and Grote, H. and Grunewald, S. and Gruning, P. and Guidi, G. M. and Gulati, H. K. and Guo, X. and Gupta, A. and Gupta, M. K. and Gushwa, K. E. and Gustafson, E. K. and Gustafson, R. and Halim, O. and Hall, B. R. and Hall, E. D. and Hamilton, E. Z. and Hamilton, H. F. and Hammond, G. and Haney, M. and Hanke, M. M. and Hanks, J. and Hanna, C. and Hannam, M. D. and Hannuksela, O. A. and Hanson, J. and Hardwick, T. and Harms, J. and Harry, G. M. and Harry, I. W. and Hart, M. J. and Haster, C.-J. and Haughian, K. and Healy, J. and Heidmann, A. and Heintze, M. C. and Heitmann, H. and Hello, P. and Hemming, G. and Hendry, M. and Heng, I. S. and Hennig, J. and Heptonstall, A. W. and Hernandez, F. J. and Heurs, M. and Hild, S. and Hinderer, T. and Hoak, D. and Hochheim, S. and Hofman, D. and Holland, N. A. and Holt, K. and Holz, D. E. and Hopkins, P. and Horst, C. and Hough, J. and Houston, E. A. and Howell, E. J. and Hreibi, A. and Huerta, E. A. and Huet, D. and Hughey, B. and Hulko, M. and Husa, S. and Huttner, S. H. and Huynh-Dinh, T. and Iess, A. and Indik, N. and Ingram, C. and Inta, R. and Intini, G. and Isa, H. N. and Isac, J.-M. and Isi, M. and Iyer, B. R. and Izumi, K. and Jacqmin, T. and Jani, K. and Jaranowski, P. and Johnson, D. S. and Johnson, W. W. and Jones, D. I. and Jones, R. and Jonker, R. J. G. and Ju, L. and Junker, J. and Kalaghatgi, C. V. and Kalogera, V. and Kamai, B. and Kandhasamy, S. and Kang, G. and Kanner, J. B. and Kapadia, S. J. and Karki, S. and Karvinen, K. S. and Kasprzack, M. and Kastaun, W. and Katolik, M. and Katsanevas, S. and Katsavounidis, E. and Katzman, W. and Kaufer, S. and Kawabe, K. and Keerthana, N. V. and K\'ef\'elian, F. and Keitel, D. and Kemball, A. J. and Kennedy, R. and Key, J. S. and Khalili, F. Y. and Khamesra, B. and Khan, H. and Khan, I. and Khan, S. and Khan, Z. and Khazanov, E. A. and Kijbunchoo, N. and Kim, Chunglee and Kim, J. C. and Kim, K. and Kim, W. and Kim, W. S. and Kim, Y.-M. and King, E. J. and King, P. J. and Kinley-Hanlon, M. and Kirchhoff, R. and Kissel, J. S. and Kleybolte, L. and Klimenko, S. and Knowles, T. D. and Koch, P. and Koehlenbeck, S. M. and Koley, S. and Kondrashov, V. and Kontos, A. and Korobko, M. and Korth, W. Z. and Kowalska, I. and Kozak, D. B. and Kr\"amer, C. and Kringel, V. and Krishnan, B. and Kr\'olak, A. and Kuehn, G. and Kumar, P. and Kumar, R. and Kumar, S. and Kuo, L. and Kutynia, A. and Kwang, S. and Lackey, B. D. and Lai, K. H. and Landry, M. and Landry, P. and Lang, R. N. and Lange, J. and Lantz, B. and Lanza, R. K. and Lartaux-Vollard, A. and Lasky, P. D. and Laxen, M. and Lazzarini, A. and Lazzaro, C. and Leaci, P. and Leavey, S. and Lee, C. H. and Lee, H. K. and Lee, H. M. and Lee, H. W. and Lee, K. and Lehmann, J. and Lenon, A. and Leonardi, M. and Leroy, N. and Letendre, N. and Levin, Y. and Li, J. and Li, T. G. F. and Li, X. and Linker, S. D. and Littenberg, T. B. and Liu, J. and Liu, X. and Lo, R. K. L. and Lockerbie, N. A. and London, L. T. and Longo, A. and Lorenzini, M. and Loriette, V. and Lormand, M. and Losurdo, G. and Lough, J. D. and Lousto, C. O. and Lovelace, G. and L\"uck, H. and Lumaca, D. and Lundgren, A. P. and Lynch, R. and Ma, Y. and Macas, R. and Macfoy, S. and Machenschalk, B. and MacInnis, M. and Macleod, D. M. and Hernandez, I. Maga\~na and Maga\~na-Sandoval, F. and Zertuche, L. Maga\~na and Magee, R. M. and Majorana, E. and Maksimovic, I. and Man, N. and Mandic, V. and Mangano, V. and Mansell, G. L. and Manske, M. and Mantovani, M. and Marchesoni, F. and Marion, F. and M\'arka, S. and M\'arka, Z. and Markakis, C. and Markosyan, A. S. and Markowitz, A. and Maros, E. and Marquina, A. and Martelli, F. and Martellini, L. and Martin, I. W. and Martin, R. M. and Martynov, D. V. and Mason, K. and Massera, E. and Masserot, A. and Massinger, T. J. and Masso-Reid, M. and Mastrogiovanni, S. and Matas, A. and Matichard, F. and Matone, L. and Mavalvala, N. and Mazumder, N. and McCann, J. J. and McCarthy, R. and McClelland, D. E. and McCormick, S. and McCuller, L. and McGuire, S. C. and McIver, J. and McManus, D. J. and McRae, T. and McWilliams, S. T. and Meacher, D. and Meadors, G. D. and Mehmet, M. and Meidam, J. and Mejuto-Villa, E. and Melatos, A. and Mendell, G. and Mendoza-Gandara, D. and Mercer, R. A. and Mereni, L. and Merilh, E. L. and Merzougui, M. and Meshkov, S. and Messenger, C. and Messick, C. and Metzdorff, R. and Meyers, P. M. and Miao, H. and Michel, C. and Middleton, H. and Mikhailov, E. E. and Milano, L. and Miller, A. L. and Miller, A. and Miller, B. B. and Miller, J. and Millhouse, M. and Mills, J. and Milovich-Goff, M. C. and Minazzoli, O. and Minenkov, Y. and Ming, J. and Mishra, C. and Mitra, S. and Mitrofanov, V. P. and Mitselmakher, G. and Mittleman, R. and Moffa, D. and Mogushi, K. and Mohan, M. and Mohapatra, S. R. P. and Montani, M. and Moore, C. J. and Moraru, D. and Moreno, G. and Morisaki, S. and Mours, B. and Mow-Lowry, C. M. and Mueller, G. and Muir, A. W. and Mukherjee, Arunava and Mukherjee, D. and Mukherjee, S. and Mukund, N. and Mullavey, A. and Munch, J. and Mu\~niz, E. A. and Muratore, M. and Murray, P. G. and Nagar, A. and Napier, K. and Nardecchia, I. and Naticchioni, L. and Nayak, R. K. and Neilson, J. and Nelemans, G. and Nelson, T. J. N. and Nery, M. and Neunzert, A. and Nevin, L. and Newport, J. M. and Ng, K. Y. and Ng, S. and Nguyen, P. and Nguyen, T. T. and Nichols, D. and Nielsen, A. B. and Nissanke, S. and Nitz, A. and Nocera, F. and Nolting, D. and North, C. and Nuttall, L. K. and Obergaulinger, M. and Oberling, J. and O'Brien, B. D. and O'Dea, G. D. and Ogin, G. H. and Oh, J. J. and Oh, S. H. and Ohme, F. and Ohta, H. and Okada, M. A. and Oliver, M. and Oppermann, P. and Oram, Richard J. and O'Reilly, B. and Ormiston, R. and Ortega, L. F. and O'Shaughnessy, R. and Ossokine, S. and Ottaway, D. J. and Overmier, H. and Owen, B. J. and Pace, A. E. and Pagano, G. and Page, J. and Page, M. A. and Pai, A. and Pai, S. A. and Palamos, J. R. and Palashov, O. and Palomba, C. and Pal-Singh, A. and Pan, Howard and Pan, Huang-Wei and Pang, B. and Pang, P. T. H. and Pankow, C. and Pannarale, F. and Pant, B. C. and Paoletti, F. and Paoli, A. and Papa, M. A. and Parida, A. and Parker, W. and Pascucci, D. and Pasqualetti, A. and Passaquieti, R. and Passuello, D. and Patil, M. and Patricelli, B. and Pearlstone, B. L. and Pedersen, C. and Pedraza, M. and Pedurand, R. and Pekowsky, L. and Pele, A. and Penn, S. and Perez, C. J. and Perreca, A. and Perri, L. M. and Pfeiffer, H. P. and Phelps, M. and Phukon, K. S. and Piccinni, O. J. and Pichot, M. and Piergiovanni, F. and Pierro, V. and Pillant, G. and Pinard, L. and Pinto, I. M. and Pirello, M. and Pitkin, M. and Poggiani, R. and Popolizio, P. and Porter, E. K. and Possenti, L. and Post, A. and Powell, J. and Prasad, J. and Pratt, J. W. W. and Pratten, G. and Predoi, V. and Prestegard, T. and Principe, M. and Privitera, S. and Prodi, G. A. and Prokhorov, L. G. and Puncken, O. and Punturo, M. and Puppo, P. and P\"urrer, M. and Qi, H. and Quetschke, V. and Quintero, E. A. and Quitzow-James, R. and Raab, F. J. and Rabeling, D. S. and Radkins, H. and Raffai, P. and Raja, S. and Rajan, C. and Rajbhandari, B. and Rakhmanov, M. and Ramirez, K. E. and Ramos-Buades, A. and Rana, Javed and Rapagnani, P. and Raymond, V. and Razzano, M. and Read, J. and Regimbau, T. and Rei, L. and Reid, S. and Reitze, D. H. and Ren, W. and Ricci, F. and Ricker, P. M. and Riemenschneider, G. and Riles, K. and Rizzo, M. and Robertson, N. A. and Robie, R. and Robinet, F. and Robson, T. and Rocchi, A. and Rolland, L. and Rollins, J. G. and Roma, V. J. and Romano, R. and Romel, C. L. and Romie, J. H. and Rosi\ifmmode \acute{n}\else \'{n}\fi{}ska, D. and Ross, M. P. and Rowan, S. and R\"udiger, A. and Ruggi, P. and Rutins, G. and Ryan, K. and Sachdev, S. and Sadecki, T. and Sakellariadou, M. and Salconi, L. and Saleem, M. and Salemi, F. and Samajdar, A. and Sammut, L. and Sampson, L. M. and Sanchez, E. J. and Sanchez, L. E. and Sanchis-Gual, N. and Sandberg, V. and Sanders, J. R. and Sarin, N. and Sassolas, B. and Sathyaprakash, B. S. and Saulson, P. R. and Sauter, O. and Savage, R. L. and Sawadsky, A. and Schale, P. and Scheel, M. and Scheuer, J. and Schmidt, P. and Schnabel, R. and Schofield, R. M. S. and Sch\"onbeck, A. and Schreiber, E. and Schuette, D. and Schulte, B. W. and Schutz, B. F. and Schwalbe, S. G. and Scott, J. and Scott, S. M. and Seidel, E. and Sellers, D. and Sengupta, A. S. and Sentenac, D. and Sequino, V. and Sergeev, A. and Setyawati, Y. and Shaddock, D. A. and Shaffer, T. J. and Shah, A. A. and Shahriar, M. S. and Shaner, M. B. and Shao, L. and Shapiro, B. and Shawhan, P. and Shen, H. and Shoemaker, D. H. and Shoemaker, D. M. and Siellez, K. and Siemens, X. and Sieniawska, M. and Sigg, D. and Silva, A. D. and Singer, L. P. and Singh, A. and Singhal, A. and Sintes, A. M. and Slagmolen, B. J. J. and Slaven-Blair, T. J. and Smith, B. and Smith, J. R. and Smith, R. J. E. and Somala, S. and Son, E. J. and Sorazu, B. and Sorrentino, F. and Souradeep, T. and Spencer, A. P. and Srivastava, A. K. and Staats, K. and Steinke, M. and Steinlechner, J. and Steinlechner, S. and Steinmeyer, D. and Steltner, B. and Stevenson, S. P. and Stocks, D. and Stone, R. and Stops, D. J. and Strain, K. A. and Stratta, G. and Strigin, S. E. and Strunk, A. and Sturani, R. and Stuver, A. L. and Summerscales, T. Z. and Sun, L. and Sunil, S. and Suresh, J. and Sutton, P. J. and Swinkels, B. L. and Szczepa\ifmmode \acute{n}\else \'{n}\fi{}czyk, M. J. and Tacca, M. and Tait, S. C. and Talbot, C. and Talukder, D. and Tanner, D. B. and T\'apai, M. and Taracchini, A. and Tasson, J. D. and Taylor, J. A. and Taylor, R. and Tewari, S. V. and Theeg, T. and Thies, F. and Thomas, E. G. and Thomas, M. and Thomas, P. and Thorne, K. A. and Thrane, E. and Tiwari, S. and Tiwari, V. and Tokmakov, K. V. and Toland, K. and Tonelli, M. and Tornasi, Z. and Torres-Forn\'e, A. and Torrie, C. I. and T\"oyr\"a, D. and Travasso, F. and Traylor, G. and Trinastic, J. and Tringali, M. C. and Trozzo, L. and Tsang, K. W. and Tse, M. and Tso, R. and Tsuna, D. and Tsukada, L. and Tuyenbayev, D. and Ueno, K. and Ugolini, D. and Urban, A. L. and Usman, S. A. and Vahlbruch, H. and Vajente, G. and Valdes, G. and van Bakel, N. and van Beuzekom, M. and van den Brand, J. F. J. and Van Den Broeck, C. and Vander-Hyde, D. C. and van der Schaaf, L. and van Heijningen, J. V. and van Veggel, A. A. and Vardaro, M. and Varma, V. and Vass, S. and Vas\'uth, M. and Vecchio, A. and Vedovato, G. and Veitch, J. and Veitch, P. J. and Venkateswara, K. and Venugopalan, G. and Verkindt, D. and Vetrano, F. and Vicer\'e, A. and Viets, A. D. and Vinciguerra, S. and Vine, D. J. and Vinet, J.-Y. and Vitale, S. and Vo, T. and Vocca, H. and Vorvick, C. and Vyatchanin, S. P. and Wade, A. R. and Wade, L. E. and Wade, M. and Walet, R. and Walker, M. and Wallace, L. and Walsh, S. and Wang, G. and Wang, H. and Wang, J. Z. and Wang, W. H. and Wang, Y. F. and Ward, R. L. and Warner, J. and Was, M. and Watchi, J. and Weaver, B. and Wei, L.-W. and Weinert, M. and Weinstein, A. J. and Weiss, R. and Wellmann, F. and Wen, L. and Wessel, E. K. and We\ss{}els, P. and Westerweck, J. and Wette, K. and Whelan, J. T. and Whiting, B. F. and Whittle, C. and Wilken, D. and Williams, D. and Williams, R. D. and Williamson, A. R. and Willis, J. L. and Willke, B. and Wimmer, M. H. and Winkler, W. and Wipf, C. C. and Wittel, H. and Woan, G. and Woehler, J. and Wofford, J. K. and Wong, W. K. and Worden, J. and Wright, J. L. and Wu, D. S. and Wysocki, D. M. and Xiao, S. and Yam, W. and Yamamoto, H. and Yancey, C. C. and Yang, L. and Yap, M. J. and Yazback, M. and Yu, Hang and Yu, Haocun and Yvert, M. and Zadro\ifmmode \dot{z}\else \.{z}\fi{}ny, A. and Zanolin, M. and Zelenova, T. and Zendri, J.-P. and Zevin, M. and Zhang, J. and Zhang, L. and Zhang, M. and Zhang, T. and Zhang, Y.-H. and Zhao, C. and Zhou, M. and Zhou, Z. and Zhu, S. J. and Zhu, X. J. and Zimmerman, A. B. and Zlochower, Y. and Zucker, M. E. and Zweizig, J.},

@article{BPAbbott:2020,
doi = {10.3847/2041-8213/ab75f5},
url = {https://dx.doi.org/10.3847/2041-8213/ab75f5},
year = {2020},
month = {mar},
publisher = {The American Astronomical Society},
volume = {892},
number = {1},
pages = {L3},
author = {B. P. Abbott and R. Abbott and T. D. Abbott and S. Abraham and others},
title = {GW190425: Observation of a Compact Binary Coalescence with Total Mass∼3.4 $M_\odot$},
journal = {The Astrophysical Journal Letters},
abstract = {On 2019 April 25, the LIGO Livingston detector observed a compact binary coalescence with signal-to-noise ratio 12.9. The Virgo detector was also taking data that did not contribute to detection due to a low signal-to-noise ratio, but were used for subsequent parameter estimation. The 90% credible intervals for the component masses range from  to  (– if we restrict the dimensionless component spin magnitudes to be smaller than 0.05). These mass parameters are consistent with the individual binary components being neutron stars. However, both the source-frame chirp mass  and the total mass  of this system are significantly larger than those of any other known binary neutron star (BNS) system. The possibility that one or both binary components of the system are black holes cannot be ruled out from gravitational-wave data. We discuss possible origins of the system based on its inconsistency with the known Galactic BNS population. Under the assumption that the signal was produced by a BNS coalescence, the local rate of neutron star mergers is updated to 250–2810 .}
}
%author = {B. P. Abbott and R. Abbott and T. D. Abbott and S. Abraham and F. Acernese and K. Ackley and C. Adams and R. X. Adhikari and V. B. Adya and C. Affeldt and M. Agathos and K. Agatsuma and N. Aggarwal and O. D. Aguiar and L. Aiello and A. Ain and P. Ajith and G. Allen and A. Allocca and M. A. Aloy and P. A. Altin and A. Amato and S. Anand and A. Ananyeva and S. B. Anderson and W. G. Anderson and S. V. Angelova and S. Antier and S. Appert and K. Arai and M. C. Araya and J. S. Areeda and M. Arène and N. Arnaud and S. M. Aronson and K. G. Arun and S. Ascenzi and G. Ashton and S. M. Aston and P. Astone and F. Aubin and P. Aufmuth and K. AultONeal and C. Austin and V. Avendano and A. Avila-Alvarez and S. Babak and P. Bacon and F. Badaracco and M. K. M. Bader and S. Bae and J. Baird and P. T. Baker and F. Baldaccini and G. Ballardin and S. W. Ballmer and A. Bals and S. Banagiri and J. C. Barayoga and C. Barbieri and S. E. Barclay and B. C. Barish and D. Barker and K. Barkett and S. Barnum and F. Barone and B. Barr and L. Barsotti and M. Barsuglia and D. Barta and J. Bartlett and I. Bartos and R. Bassiri and A. Basti and M. Bawaj and J. C. Bayley and A. C. Baylor and M. Bazzan and B. Bécsy and M. Bejger and I. Belahcene and A. S. Bell and D. Beniwal and M. G. Benjamin and B. K. Berger and G. Bergmann and S. Bernuzzi and C. P. L. Berry and D. Bersanetti and A. Bertolini and J. Betzwieser and R. Bhandare and J. Bidler and E. Biggs and I. A. Bilenko and S. A. Bilgili and G. Billingsley and I. A. Birney and O. Birnholtz and S. Biscans and M. Bischi and S. Biscoveanu and A. Bisht and M. Bitossi and M. A. Bizouard and J. K. Blackburn and J. Blackman and C. D. Blair and D. G. Blair and R. M. Blair and S. Bloemen and F. Bobba and N. Bode and M. Boer and Y. Boetzel and G. Bogaert and F. Bondu and R. Bonnand and P. Booker and B. A. Boom and R. Bork and V. Boschi and S. Bose and V. Bossilkov and J. Bosveld and Y. Bouffanais and A. Bozzi and C. Bradaschia and P. R. Brady and A. Bramley and M. Branchesi and J. E. Brau and M. Breschi and T. Briant and J. H. Briggs and F. Brighenti and A. Brillet and M. Brinkmann and P. Brockill and A. F. Brooks and J. Brooks and D. D. Brown and S. Brunett and A. Buikema and T. Bulik and H. J. Bulten and A. Buonanno and D. Buskulic and C. Buy and R. L. Byer and M. Cabero and L. Cadonati and G. Cagnoli and C. Cahillane and J. Calderón Bustillo and T. A. Callister and E. Calloni and J. B. Camp and W. A. Campbell and M. Canepa and K. C. Cannon and H. Cao and J. Cao and G. Carapella and F. Carbognani and S. Caride and M. F. Carney and G. Carullo and J. Casanueva Diaz and C. Casentini and S. Caudill and M. Cavaglià and F. Cavalier and R. Cavalieri and G. Cella and P. Cerdá-Durán and E. Cesarini and O. Chaibi and K. Chakravarti and S. J. Chamberlin and M. Chan and S. Chao and P. Charlton and E. A. Chase and E. Chassande-Mottin and D. Chatterjee and M. Chaturvedi and K. Chatziioannou and B. D. Cheeseboro and H. Y. Chen and X. Chen and Y. Chen and H.-P. Cheng and C. K. Cheong and H. Y. Chia and F. Chiadini and A. Chincarini and A. Chiummo and G. Cho and H. S. Cho and M. Cho and N. Christensen and Q. Chu and S. Chua and K. W. Chung and S. Chung and G. Ciani and M. Cieślar and A. A. Ciobanu and R. Ciolfi and F. Cipriano and A. Cirone and F. Clara and J. A. Clark and P. Clearwater and F. Cleva and E. Coccia and P.-F. Cohadon and D. Cohen and M. Colleoni and C. G. Collette and C. Collins and M. Colpi and L. R. Cominsky and M. Constancio and L. Conti and S. J. Cooper and P. Corban and T. R. Corbitt and I. Cordero-Carrión and S. Corezzi and K. R. Corley and N. Cornish and D. Corre and A. Corsi and S. Cortese and C. A. Costa and R. Cotesta and M. W. Coughlin and S. B. Coughlin and J.-P. Coulon and S. T. Countryman and P. Couvares and P. B. Covas and E. E. Cowan and D. M. Coward and M. J. Cowart and D. C. Coyne and R. Coyne and J. D. E. Creighton and T. D. Creighton and J. Cripe and M. Croquette and S. G. Crowder and T. J. Cullen and A. Cumming and L. Cunningham and E. Cuoco and T. Dal Canton and G. Dálya and B. D’Angelo and S. L. Danilishin and S. D’Antonio and K. Danzmann and A. Dasgupta and C. F. Da Silva Costa and L. E. H. Datrier and V. Dattilo and I. Dave and M. Davier and D. Davis and E. J. Daw and D. DeBra and M. Deenadayalan and J. Degallaix and M. De Laurentis and S. Deléglise and N. De Lillo and W. Del Pozzo and L. M. DeMarchi and N. Demos and T. Dent and R. De Pietri and R. De Rosa and C. De Rossi and R. DeSalvo and O. de Varona and S. Dhurandhar and M. C. Díaz and T. Dietrich and L. Di Fiore and C. DiFronzo and C. Di Giorgio and F. Di Giovanni and M. Di Giovanni and T. Di Girolamo and A. Di Lieto and B. Ding and S. Di Pace and I. Di Palma and F. Di Renzo and A. K. Divakarla and A. Dmitriev and Z. Doctor and F. Donovan and K. L. Dooley and S. Doravari and I. Dorrington and T. P. Downes and M. Drago and J. C. Driggers and Z. Du and J.-G. Ducoin and R. Dudi and P. Dupej and O. Durante and S. E. Dwyer and P. J. Easter and G. Eddolls and T. B. Edo and A. Effler and P. Ehrens and J. Eichholz and S. S. Eikenberry and M. Eisenmann and R. A. Eisenstein and L. Errico and R. C. Essick and H. Estelles and D. Estevez and Z. B. Etienne and T. Etzel and M. Evans and T. M. Evans and V. Fafone and S. Fairhurst and X. Fan and S. Farinon and B. Farr and W. M. Farr and E. J. Fauchon-Jones and M. Favata and M. Fays and M. Fazio and C. Fee and J. Feicht and M. M. Fejer and F. Feng and A. Fernandez-Galiana and I. Ferrante and E. C. Ferreira and T. A. Ferreira and F. Fidecaro and I. Fiori and D. Fiorucci and M. Fishbach and R. P. Fisher and J. M. Fishner and R. Fittipaldi and M. Fitz-Axen and V. Fiumara and R. Flaminio and M. Fletcher and E. Floden and E. Flynn and H. Fong and J. A. Font and P. W. F. Forsyth and J.-D. Fournier and Francisco Hernandez Vivanco and S. Frasca and F. Frasconi and Z. Frei and A. Freise and R. Frey and V. Frey and P. Fritschel and V. V. Frolov and G. Fronzè and P. Fulda and M. Fyffe and H. A. Gabbard and B. U. Gadre and S. M. Gaebel and J. R. Gair and R. Gamba and L. Gammaitoni and S. G. Gaonkar and C. García-Quirós and F. Garufi and B. Gateley and S. Gaudio and G. Gaur and V. Gayathri and G. Gemme and E. Genin and A. Gennai and D. George and J. George and R. George and L. Gergely and S. Ghonge and Abhirup Ghosh and Archisman Ghosh and S. Ghosh and B. Giacomazzo and J. A. Giaime and K. D. Giardina and D. R. Gibson and K. Gill and L. Glover and J. Gniesmer and P. Godwin and E. Goetz and R. Goetz and B. Goncharov and G. González and J. M. Gonzalez Castro and A. Gopakumar and S. E. Gossan and M. Gosselin and R. Gouaty and B. Grace and A. Grado and M. Granata and A. Grant and S. Gras and P. Grassia and C. Gray and R. Gray and G. Greco and A. C. Green and R. Green and E. M. Gretarsson and A. Grimaldi and S. J. Grimm and P. Groot and H. Grote and S. Grunewald and P. Gruning and G. M. Guidi and H. K. Gulati and Y. Guo and A. Gupta and Anchal Gupta and P. Gupta and E. K. Gustafson and R. Gustafson and L. Haegel and O. Halim and B. R. Hall and E. D. Hall and E. Z. Hamilton and G. Hammond and M. Haney and M. M. Hanke and J. Hanks and C. Hanna and M. D. Hannam and O. A. Hannuksela and T. J. Hansen and J. Hanson and T. Harder and T. Hardwick and K. Haris and J. Harms and G. M. Harry and I. W. Harry and R. K. Hasskew and C. J. Haster and K. Haughian and F. J. Hayes and J. Healy and A. Heidmann and M. C. Heintze and H. Heitmann and F. Hellman and P. Hello and G. Hemming and M. Hendry and I. S. Heng and J. Hennig and M. Heurs and S. Hild and T. Hinderer and W. C. G. Ho and S. Hochheim and D. Hofman and A. M. Holgado and N. A. Holland and K. Holt and D. E. Holz and P. Hopkins and C. Horst and J. Hough and E. J. Howell and C. G. Hoy and Y. Huang and M. T. Hübner and E. A. Huerta and D. Huet and B. Hughey and V. Hui and S. Husa and S. H. Huttner and T. Huynh-Dinh and B. Idzkowski and A. Iess and H. Inchauspe and C. Ingram and R. Inta and G. Intini and B. Irwin and H. N. Isa and J.-M. Isac and M. Isi and B. R. Iyer and T. Jacqmin and S. J. Jadhav and K. Jani and N. N. Janthalur and P. Jaranowski and D. Jariwala and A. C. Jenkins and J. Jiang and D. S. Johnson and N. K. Johnson-McDaniel and A. W. Jones and D. I. Jones and J. D. Jones and R. Jones and R. J. G. Jonker and L. Ju and J. Junker and C. V. Kalaghatgi and V. Kalogera and B. Kamai and S. Kandhasamy and G. Kang and J. B. Kanner and S. J. Kapadia and S. Karki and R. Kashyap and M. Kasprzack and W. Kastaun and S. Katsanevas and E. Katsavounidis and W. Katzman and S. Kaufer and K. Kawabe and N. V. Keerthana and F. Kéfélian and D. Keitel and R. Kennedy and J. S. Key and F. Y. Khalili and I. Khan and S. Khan and E. A. Khazanov and N. Khetan and M. Khursheed and N. Kijbunchoo and Chunglee Kim and J. C. Kim and K. Kim and W. Kim and W. S. Kim and Y.-M. Kim and C. Kimball and P. J. King and M. Kinley-Hanlon and R. Kirchhoff and J. S. Kissel and L. Kleybolte and J. H. Klika and S. Klimenko and T. D. Knowles and P. Koch and S. M. Koehlenbeck and G. Koekoek and S. Koley and V. Kondrashov and A. Kontos and N. Koper and M. Korobko and W. Z. Korth and M. Kovalam and D. B. Kozak and C. Krämer and V. Kringel and N. Krishnendu and A. Królak and N. Krupinski and G. Kuehn and A. Kumar and P. Kumar and Rahul Kumar and Rakesh Kumar and L. Kuo and A. Kutynia and S. Kwang and B. D. Lackey and D. Laghi and K. H. Lai and T. L. Lam and M. Landry and P. Landry and B. B. Lane and R. N. Lang and J. Lange and B. Lantz and R. K. Lanza and A. Lartaux-Vollard and P. D. Lasky and M. Laxen and A. Lazzarini and C. Lazzaro and P. Leaci and S. Leavey and Y. K. Lecoeuche and C. H. Lee and H. K. Lee and H. M. Lee and H. W. Lee and J. Lee and K. Lee and J. Lehmann and A. K. Lenon and N. Leroy and N. Letendre and Y. Levin and A. Li and J. Li and K. J. L. Li and T. G. F. Li and X. Li and F. Lin and F. Linde and S. D. Linker and T. B. Littenberg and J. Liu and X. Liu and M. Llorens-Monteagudo and R. K. L. Lo and L. T. London and A. Longo and M. Lorenzini and V. Loriette and M. Lormand and G. Losurdo and J. D. Lough and C. O. Lousto and G. Lovelace and M. E. Lower and J. F. Lucaccioni and H. Lück and D. Lumaca and A. P. Lundgren and R. Lynch and Y. Ma and R. Macas and S. Macfoy and M. MacInnis and D. M. Macleod and A. Macquet and I. Magaña Hernandez and F. Magaña-Sandoval and R. M. Magee and E. Majorana and I. Maksimovic and A. Malik and N. Man and V. Mandic and V. Mangano and G. L. Mansell and M. Manske and M. Mantovani and M. Mapelli and F. Marchesoni and F. Marion and S. Márka and Z. Márka and C. Markakis and A. S. Markosyan and A. Markowitz and E. Maros and A. Marquina and S. Marsat and F. Martelli and I. W. Martin and R. M. Martin and V. Martinez and D. V. Martynov and H. Masalehdan and K. Mason and E. Massera and A. Masserot and T. J. Massinger and M. Masso-Reid and S. Mastrogiovanni and A. Matas and F. Matichard and L. Matone and N. Mavalvala and J. J. McCann and R. McCarthy and D. E. McClelland and S. McCormick and L. McCuller and S. C. McGuire and C. McIsaac and J. McIver and D. J. McManus and T. McRae and S. T. McWilliams and D. Meacher and G. D. Meadors and M. Mehmet and A. K. Mehta and J. Meidam and E. Mejuto Villa and A. Melatos and G. Mendell and R. A. Mercer and L. Mereni and K. Merfeld and E. L. Merilh and M. Merzougui and S. Meshkov and C. Messenger and C. Messick and F. Messina and R. Metzdorff and P. M. Meyers and F. Meylahn and A. Miani and H. Miao and C. Michel and H. Middleton and L. Milano and A. L. Miller and M. Millhouse and J. C. Mills and M. C. Milovich-Goff and O. Minazzoli and Y. Minenkov and A. Mishkin and C. Mishra and T. Mistry and S. Mitra and V. P. Mitrofanov and G. Mitselmakher and R. Mittleman and G. Mo and D. Moffa and K. Mogushi and S. R. P. Mohapatra and M. Molina-Ruiz and M. Mondin and M. Montani and C. J. Moore and D. Moraru and F. Morawski and G. Moreno and S. Morisaki and B. Mours and C. M. Mow-Lowry and F. Muciaccia and Arunava Mukherjee and D. Mukherjee and S. Mukherjee and Subroto Mukherjee and N. Mukund and A. Mullavey and J. Munch and E. A. Muñiz and M. Muratore and P. G. Murray and A. Nagar and I. Nardecchia and L. Naticchioni and R. K. Nayak and B. F. Neil and J. Neilson and G. Nelemans and T. J. N. Nelson and M. Nery and A. Neunzert and L. Nevin and K. Y. Ng and S. Ng and C. Nguyen and P. Nguyen and D. Nichols and S. A. Nichols and S. Nissanke and F. Nocera and C. North and L. K. Nuttall and M. Obergaulinger and J. Oberling and B. D. O’Brien and G. Oganesyan and G. H. Ogin and J. J. Oh and S. H. Oh and F. Ohme and H. Ohta and M. A. Okada and M. Oliver and P. Oppermann and Richard J. Oram and B. O’Reilly and R. G. Ormiston and L. F. Ortega and R. O’Shaughnessy and S. Ossokine and D. J. Ottaway and H. Overmier and B. J. Owen and A. E. Pace and G. Pagano and M. A. Page and G. Pagliaroli and A. Pai and S. A. Pai and J. R. Palamos and O. Palashov and C. Palomba and H. Pan and P. K. Panda and P. T. H. Pang and C. Pankow and F. Pannarale and B. C. Pant and F. Paoletti and A. Paoli and A. Parida and W. Parker and D. Pascucci and A. Pasqualetti and R. Passaquieti and D. Passuello and M. Patil and B. Patricelli and E. Payne and B. L. Pearlstone and T. C. Pechsiri and A. J. Pedersen and M. Pedraza and R. Pedurand and A. Pele and S. Penn and A. Perego and C. J. Perez and C. Périgois and A. Perreca and J. Petermann and H. P. Pfeiffer and M. Phelps and K. S. Phukon and O. J. Piccinni and M. Pichot and F. Piergiovanni and V. Pierro and G. Pillant and L. Pinard and I. M. Pinto and M. Pirello and M. Pitkin and W. Plastino and R. Poggiani and D. Y. T. Pong and S. Ponrathnam and P. Popolizio and E. K. Porter and J. Powell and A. K. Prajapati and J. Prasad and K. Prasai and R. Prasanna and G. Pratten and T. Prestegard and M. Principe and G. A. Prodi and L. Prokhorov and M. Punturo and P. Puppo and M. Pürrer and H. Qi and V. Quetschke and P. J. Quinonez and F. J. Raab and G. Raaijmakers and H. Radkins and N. Radulesco and P. Raffai and S. Raja and C. Rajan and B. Rajbhandari and M. Rakhmanov and K. E. Ramirez and A. Ramos-Buades and Javed Rana and K. Rao and P. Rapagnani and V. Raymond and M. Razzano and J. Read and T. Regimbau and L. Rei and S. Reid and D. H. Reitze and P. Rettegno and F. Ricci and C. J. Richardson and J. W. Richardson and P. M. Ricker and G. Riemenschneider and K. Riles and M. Rizzo and N. A. Robertson and F. Robinet and A. Rocchi and L. Rolland and J. G. Rollins and V. J. Roma and M. Romanelli and R. Romano and C. L. Romel and J. H. Romie and C. A. Rose and D. Rose and K. Rose and M. J. B. Rosell and D. Rosińska and S. G. Rosofsky and M. P. Ross and S. Rowan and S. Roy and A. Rüdiger and P. Ruggi and G. Rutins and K. Ryan and S. Sachdev and T. Sadecki and M. Sakellariadou and O. S. Salafia and L. Salconi and M. Saleem and A. Samajdar and L. Sammut and E. J. Sanchez and L. E. Sanchez and N. Sanchis-Gual and J. R. Sanders and K. A. Santiago and E. Santos and N. Sarin and B. Sassolas and B. S. Sathyaprakash and O. Sauter and R. L. Savage and P. Schale and M. Scheel and J. Scheuer and P. Schmidt and R. Schnabel and R. M. S. Schofield and A. Schönbeck and E. Schreiber and B. W. Schulte and B. F. Schutz and J. Scott and S. M. Scott and E. Seidel and D. Sellers and A. S. Sengupta and N. Sennett and D. Sentenac and V. Sequino and A. Sergeev and Y. Setyawati and D. A. Shaddock and T. Shaffer and M. S. Shahriar and M. B. Shaner and A. Sharma and P. Sharma and P. Shawhan and H. Shen and R. Shink and D. H. Shoemaker and D. M. Shoemaker and K. Shukla and S. ShyamSundar and K. Siellez and M. Sieniawska and D. Sigg and L. P. Singer and D. Singh and N. Singh and A. Singhal and A. M. Sintes and S. Sitmukhambetov and V. Skliris and B. J. J. Slagmolen and T. J. Slaven-Blair and J. R. Smith and R. J. E. Smith and S. Somala and E. J. Son and S. Soni and B. Sorazu and F. Sorrentino and T. Souradeep and E. Sowell and A. P. Spencer and M. Spera and A. K. Srivastava and V. Srivastava and K. Staats and C. Stachie and M. Standke and D. A. Steer and M. Steinke and J. Steinlechner and S. Steinlechner and D. Steinmeyer and S. P. Stevenson and D. Stocks and R. Stone and D. J. Stops and K. A. Strain and G. Stratta and S. E. Strigin and A. Strunk and R. Sturani and A. L. Stuver and V. Sudhir and T. Z. Summerscales and L. Sun and S. Sunil and A. Sur and J. Suresh and P. J. Sutton and B. L. Swinkels and M. J. Szczepańczyk and M. Tacca and S. C. Tait and C. Talbot and D. B. Tanner and D. Tao and M. Tápai and A. Tapia and J. D. Tasson and R. Taylor and R. Tenorio and L. Terkowski and M. Thomas and P. Thomas and S. R. Thondapu and K. A. Thorne and E. Thrane and Shubhanshu Tiwari and Srishti Tiwari and V. Tiwari and K. Toland and M. Tonelli and Z. Tornasi and A. Torres-Forné and C. I. Torrie and D. Töyrä and F. Travasso and G. Traylor and M. C. Tringali and A. Tripathee and A. Trovato and L. Trozzo and K. W. Tsang and M. Tse and R. Tso and L. Tsukada and D. Tsuna and T. Tsutsui and D. Tuyenbayev and K. Ueno and D. Ugolini and C. S. Unnikrishnan and A. L. Urban and S. A. Usman and H. Vahlbruch and G. Vajente and G. Valdes and M. Valentini and N. van Bakel and M. van Beuzekom and J. F. J. van den Brand and C. Van Den Broeck and D. C. Vander-Hyde and L. van der Schaaf and J. V. VanHeijningen and A. A. van Veggel and M. Vardaro and V. Varma and S. Vass and M. Vasúth and A. Vecchio and G. Vedovato and J. Veitch and P. J. Veitch and K. Venkateswara and G. Venugopalan and D. Verkindt and F. Vetrano and A. Viceré and A. D. Viets and S. Vinciguerra and D. J. Vine and J.-Y. Vinet and S. Vitale and T. Vo and H. Vocca and C. Vorvick and S. P. Vyatchanin and A. R. Wade and L. E. Wade and M. Wade and R. Walet and M. Walker and L. Wallace and S. Walsh and H. Wang and J. Z. Wang and S. Wang and W. H. Wang and R. L. Ward and Z. A. Warden and J. Warner and M. Was and J. Watchi and B. Weaver and L.-W. Wei and M. Weinert and A. J. Weinstein and R. Weiss and F. Wellmann and L. Wen and E. K. Wessel and P. Weßels and J. W. Westhouse and K. Wette and J. T. Whelan and D. D. White and B. F. Whiting and C. Whittle and D. M. Wilken and D. Williams and A. R. Williamson and J. L. Willis and B. Willke and W. Winkler and C. C. Wipf and H. Wittel and G. Woan and J. Woehler and J. K. Wofford and J. L. Wright and D. S. Wu and D. M. Wysocki and S. Xiao and R. Xu and H. Yamamoto and C. C. Yancey and L. Yang and Y. Yang and Z. Yang and M. J. Yap and M. Yazback and D. W. Yeeles and Hang Yu and Haocun Yu and S. H. R. Yuen and A. K. Zadrożny and A. Zadrożny and M. Zanolin and T. Zelenova and J.-P. Zendri and M. Zevin and J. Zhang and L. Zhang and T. Zhang and C. Zhao and G. Zhao and M. Zhou and Z. Zhou and X. J. Zhu and A. B. Zimmerman and M. E. Zucker and J. Zweizig},

% ====================================
% NICER
% ====================================

@INPROCEEDINGS{KCGendreau:2016,
author = {{Gendreau}, Keith C. and {Arzoumanian}, Zaven and {Adkins}, Phillip W. and {Albert}, Cheryl L. and others},
title = "{The Neutron star Interior Composition Explorer (NICER): design and development}",
booktitle = {Space Telescopes and Instrumentation 2016: Ultraviolet to Gamma Ray},
year = 2016,
editor = {{den Herder}, Jan-Willem A. and {Takahashi}, Tadayuki and {Bautz}, Marshall},
series = {Society of Photo-Optical Instrumentation Engineers (SPIE) Conference Series},
volume = {9905},
month = jul,
eid = {99051H},
pages = {99051H},
doi = {10.1117/12.2231304},
adsurl = {https://ui.adsabs.harvard.edu/abs/2016SPIE.9905E..1HG},
adsnote = {Provided by the SAO/NASA Astrophysics Data System}
}
%author = {{Gendreau}, Keith C. and {Arzoumanian}, Zaven and {Adkins}, Phillip W. and {Albert}, Cheryl L. and {Anders}, John F. and {Aylward}, Andrew T. and {Baker}, Charles L. and {Balsamo}, Erin R. and {Bamford}, William A. and {Benegalrao}, Suyog S. and {Berry}, Daniel L. and {Bhalwani}, Shiraz and {Black}, J. Kevin and {Blaurock}, Carl and {Bronke}, Ginger M. and {Brown}, Gary L. and {Budinoff}, Jason G. and {Cantwell}, Jeffrey D. and {Cazeau}, Thoniel and {Chen}, Philip T. and {Clement}, Thomas G. and {Colangelo}, Andrew T. and {Coleman}, Jerry S. and {Coopersmith}, Jonathan D. and {Dehaven}, William E. and {Doty}, John P. and {Egan}, Mark D. and {Enoto}, Teruaki and {Fan}, Terry W. and {Ferro}, Deneen M. and {Foster}, Richard and {Galassi}, Nicholas M. and {Gallo}, Luis D. and {Green}, Chris M. and {Grosh}, Dave and {Ha}, Kong Q. and {Hasouneh}, Monther A. and {Heefner}, Kristofer B. and {Hestnes}, Phyllis and {Hoge}, Lisa J. and {Jacobs}, Tawanda M. and {J{\o}rgensen}, John L. and {Kaiser}, Michael A. and {Kellogg}, James W. and {Kenyon}, Steven J. and {Koenecke}, Richard G. and {Kozon}, Robert P. and {LaMarr}, Beverly and {Lambertson}, Mike D. and {Larson}, Anne M. and {Lentine}, Steven and {Lewis}, Jesse H. and {Lilly}, Michael G. and {Liu}, Kuochia Alice and {Malonis}, Andrew and {Manthripragada}, Sridhar S. and {Markwardt}, Craig B. and {Matonak}, Bryan D. and {Mcginnis}, Isaac E. and {Miller}, Roger L. and {Mitchell}, Alissa L. and {Mitchell}, Jason W. and {Mohammed}, Jelila S. and {Monroe}, Charles A. and {Montt de Garcia}, Kristina M. and {Mul{\'e}}, Peter D. and {Nagao}, Louis T. and {Ngo}, Son N. and {Norris}, Eric D. and {Norwood}, Dwight A. and {Novotka}, Joseph and {Okajima}, Takashi and {Olsen}, Lawrence G. and {Onyeachu}, Chimaobi O. and {Orosco}, Henry Y. and {Peterson}, Jacqualine R. and {Pevear}, Kristina N. and {Pham}, Karen K. and {Pollard}, Sue E. and {Pope}, John S. and {Powers}, Daniel F. and {Powers}, Charles E. and {Price}, Samuel R. and {Prigozhin}, Gregory Y. and {Ramirez}, Julian B. and {Reid}, Winston J. and {Remillard}, Ronald A. and {Rogstad}, Eric M. and {Rosecrans}, Glenn P. and {Rowe}, John N. and {Sager}, Jennifer A. and {Sanders}, Claude A. and {Savadkin}, Bruce and {Saylor}, Maxine R. and {Schaeffer}, Alexander F. and {Schweiss}, Nancy S. and {Semper}, Sean R. and {Serlemitsos}, Peter J. and {Shackelford}, Larry V. and {Soong}, Yang and {Struebel}, Jonathan and {Vezie}, Michael L. and {Villasenor}, Joel S. and {Winternitz}, Luke B. and {Wofford}, George I. and {Wright}, Michael R. and {Yang}, Mike Y. and {Yu}, Wayne H.},

% PSR J0030+0451
@article{MCMiller:2019,
doi = {10.3847/2041-8213/ab50c5},
url = {https://dx.doi.org/10.3847/2041-8213/ab50c5},
year = {2019},
month = {dec},
publisher = {The American Astronomical Society},
volume = {887},
number = {1},
pages = {L24},
author = {M. C. Miller and F. K. Lamb and A. J. Dittmann and S. Bogdanov and others},
title = {PSR J0030+0451 Mass and Radius from NICER Data and Implications for the Properties of Neutron Star Matter},
journal = {The Astrophysical Journal Letters},
abstract = {Neutron stars are not only of astrophysical interest, but are also of great interest to nuclear physicists because their attributes can be used to determine the properties of the dense matter in their cores. One of the most informative approaches for determining the equation of state (EoS) of this dense matter is to measure both a star’s equatorial circumferential radius Re and its gravitational mass M. Here we report estimates of the mass and radius of the isolated 205.53 Hz millisecond pulsar PSR J0030+0451 obtained using a Bayesian inference approach to analyze its energy-dependent thermal X-ray waveform, which was observed using the Neutron Star Interior Composition Explorer (NICER). This approach is thought to be less subject to systematic errors than other approaches for estimating neutron star radii. We explored a variety of emission patterns on the stellar surface. Our best-fit model has three oval, uniform-temperature emitting spots and provides an excellent description of the pulse waveform observed using NICER. The radius and mass estimates given by this model are km and (68%). The independent analysis reported in the companion paper by Riley et al. explores different emitting spot models, but finds spot shapes and locations and estimates of Re and M that are consistent with those found in this work. We show that our measurements of Re and M for PSR J0030+0451 improve the astrophysical constraints on the EoS of cold, catalyzed matter above nuclear saturation density.}
}
%author = {M. C. Miller and F. K. Lamb and A. J. Dittmann and S. Bogdanov and Z. Arzoumanian and K. C. Gendreau and S. Guillot and A. K. Harding and W. C. G. Ho and J. M. Lattimer and R. M. Ludlam and S. Mahmoodifar and S. M. Morsink and P. S. Ray and T. E. Strohmayer and K. S. Wood and T. Enoto and R. Foster and T. Okajima and G. Prigozhin and Y. Soong},

@article{TERiley:2019,
doi = {10.3847/2041-8213/ab481c},
url = {https://dx.doi.org/10.3847/2041-8213/ab481c},
year = {2019},
month = {dec},
publisher = {The American Astronomical Society},
volume = {887},
number = {1},
pages = {L21},
author = {T. E. Riley and A. L. Watts and S. Bogdanov and P. S. Ray and others},
title = {A NICER View of PSR J0030+0451: Millisecond Pulsar Parameter Estimation},
journal = {The Astrophysical Journal Letters},
abstract = {We report on Bayesian parameter estimation of the mass and equatorial radius of the millisecond pulsar PSR J0030+0451, conditional on pulse-profile modeling of Neutron Star Interior Composition Explorer X-ray spectral-timing event data. We perform relativistic ray-tracing of thermal emission from hot regions of the pulsar’s surface. We assume two distinct hot regions based on two clear pulsed components in the phase-folded pulse-profile data; we explore a number of forms (morphologies and topologies) for each hot region, inferring their parameters in addition to the stellar mass and radius. For the family of models considered, the evidence (prior predictive probability of the data) strongly favors a model that permits both hot regions to be located in the same rotational hemisphere. Models wherein both hot regions are assumed to be simply connected circular single-temperature spots, in particular those where the spots are assumed to be reflection-symmetric with respect to the stellar origin, are strongly disfavored. For the inferred configuration, one hot region subtends an angular extent of only a few degrees (in spherical coordinates with origin at the stellar center) and we are insensitive to other structural details; the second hot region is far more azimuthally extended in the form of a narrow arc, thus requiring a larger number of parameters to describe. The inferred mass M and equatorial radius Req are, respectively, and, while the compactness is more tightly constrained; the credible interval bounds reported here are approximately the 16% and 84% quantiles in marginal posterior mass.}
}
%author = {T. E. Riley and A. L. Watts and S. Bogdanov and P. S. Ray and R. M. Ludlam and S. Guillot and Z. Arzoumanian and C. L. Baker and A. V. Bilous and D. Chakrabarty and K. C. Gendreau and A. K. Harding and W. C. G. Ho and J. M. Lattimer and S. M. Morsink and T. E. Strohmayer},

% PSR J0740+6620
@article{MCMiller:2021,
doi = {10.3847/2041-8213/ac089b},
url = {https://dx.doi.org/10.3847/2041-8213/ac089b},
year = {2021},
month = {sep},
publisher = {The American Astronomical Society},
volume = {918},
number = {2},
pages = {L28},
author = {M. C. Miller and F. K. Lamb and A. J. Dittmann and S. Bogdanov and others},
title = {The Radius of PSR J0740+6620 from NICER and XMM-Newton Data},
journal = {The Astrophysical Journal Letters},
abstract = {PSR J0740+6620 has a gravitational mass of 2.08 ± 0.07 M ⊙, which is the highest reliably determined mass of any neutron star. As a result, a measurement of its radius will provide unique insight into the properties of neutron star core matter at high densities. Here we report a radius measurement based on fits of rotating hot spot patterns to Neutron Star Interior Composition Explorer (NICER) and X-ray Multi-Mirror (XMM-Newton) X-ray observations. We find that the equatorial circumferential radius of PSR J0740+6620 is  km (68%). We apply our measurement, combined with the previous NICER mass and radius measurement of PSR J0030+0451, the masses of two other ∼2 M ⊙ pulsars, and the tidal deformability constraints from two gravitational wave events, to three different frameworks for equation-of-state modeling, and find consistent results at ∼1.5–5 times nuclear saturation density. For a given framework, when all measurements are included, the radius of a 1.4 M ⊙ neutron star is known to ±4% (68% credibility) and the radius of a 2.08 M ⊙ neutron star is known to ±5%. The full radius range that spans the ±1σ credible intervals of all the radius estimates in the three frameworks is 12.45 ± 0.65 km for a 1.4 M ⊙ neutron star and 12.35 ± 0.75 km for a 2.08 M ⊙ neutron star.}
}
%author = {M. C. Miller and F. K. Lamb and A. J. Dittmann and S. Bogdanov and Z. Arzoumanian and K. C. Gendreau and S. Guillot and W. C. G. Ho and J. M. Lattimer and M. Loewenstein and S. M. Morsink and P. S. Ray and M. T. Wolff and C. L. Baker and T. Cazeau and S. Manthripragada and C. B. Markwardt and T. Okajima and S. Pollard and I. Cognard and H. T. Cromartie and E. Fonseca and L. Guillemot and M. Kerr and A. Parthasarathy and T. T. Pennucci and S. Ransom and I. Stairs},

@article{TERiley:2021,
doi = {10.3847/2041-8213/ac0a81},
url = {https://dx.doi.org/10.3847/2041-8213/ac0a81},
year = {2021},
month = {sep},
publisher = {The American Astronomical Society},
volume = {918},
number = {2},
pages = {L27},
author = {Thomas E. Riley and Anna L. Watts and Paul S. Ray and Slavko Bogdanov and others},
title = {A NICER View of the Massive Pulsar PSR J0740+6620 Informed by Radio Timing and XMM-Newton Spectroscopy},
journal = {The Astrophysical Journal Letters},
abstract = {We report on Bayesian estimation of the radius, mass, and hot surface regions of the massive millisecond pulsar PSR J0740+6620, conditional on pulse-profile modeling of Neutron Star Interior Composition Explorer X-ray Timing Instrument event data. We condition on informative pulsar mass, distance, and orbital inclination priors derived from the joint North American Nanohertz Observatory for Gravitational Waves and Canadian Hydrogen Intensity Mapping Experiment/Pulsar wideband radio timing measurements of Fonseca et al. We use XMM-Newton European Photon Imaging Camera spectroscopic event data to inform our X-ray likelihood function. The prior support of the pulsar radius is truncated at 16 km to ensure coverage of current dense matter models. We assume conservative priors on instrument calibration uncertainty. We constrain the equatorial radius and mass of PSR J0740+6620 to be  km and   M ⊙ respectively, each reported as the posterior credible interval bounded by the 16% and 84% quantiles, conditional on surface hot regions that are non-overlapping spherical caps of fully ionized hydrogen atmosphere with uniform effective temperature; a posteriori, the temperature is  for each hot region. All software for the X-ray modeling framework is open-source and all data, model, and sample information is publicly available, including analysis notebooks and model modules in the Python language. Our marginal likelihood function of mass and equatorial radius is proportional to the marginal joint posterior density of those parameters (within the prior support) and can thus be computed from the posterior samples.}
}
%author = {Thomas E. Riley and Anna L. Watts and Paul S. Ray and Slavko Bogdanov and Sebastien Guillot and Sharon M. Morsink and Anna V. Bilous and Zaven Arzoumanian and Devarshi Choudhury and Julia S. Deneva and Keith C. Gendreau and Alice K. Harding and Wynn C. G. Ho and James M. Lattimer and Michael Loewenstein and Renee M. Ludlam and Craig B. Markwardt and Takashi Okajima and Chanda Prescod-Weinstein and Ronald A. Remillard and Michael T. Wolff and Emmanuel Fonseca and H. Thankful Cromartie and Matthew Kerr and Timothy T. Pennucci and Aditya Parthasarathy and Scott Ransom and Ingrid Stairs and Lucas Guillemot and Ismael Cognard},

@ARTICLE{TSalmi:2023,
author = {{Salmi}, Tuomo and {Vinciguerra}, Serena and {Choudhury}, Devarshi and {Watts}, Anna L. and others},
title = "{Atmospheric Effects on Neutron Star Parameter Constraints with NICER}",
journal = {\apj},
keywords = {Neutron stars, X-ray astronomy, 1108, 1810, Astrophysics - High Energy Astrophysical Phenomena, Astrophysics - Solar and Stellar Astrophysics, Nuclear Theory},
year = 2023,
month = oct,
volume = {956},
number = {2},
eid = {138},
pages = {138},
doi = {10.3847/1538-4357/acf49d},
archivePrefix = {arXiv},
eprint = {2308.09319},
primaryClass = {astro-ph.HE},
adsurl = {https://ui.adsabs.harvard.edu/abs/2023ApJ...956..138S},
adsnote = {Provided by the SAO/NASA Astrophysics Data System}
}
%author = {{Salmi}, Tuomo and {Vinciguerra}, Serena and {Choudhury}, Devarshi and {Watts}, Anna L. and {Ho}, Wynn C.~G. and {Guillot}, Sebastien and {Kini}, Yves and {Dorsman}, Bas and {Morsink}, Sharon M. and {Bogdanov}, Slavko},

@ARTICLE{SVinciguerra:2024,
author = {{Vinciguerra}, Serena and {Salmi}, Tuomo and {Watts}, Anna L. and {Choudhury}, Devarshi and others},
title = "{An Updated Mass-Radius Analysis of the 2017-2018 NICER Data Set of PSR J0030+0451}",
journal = {The Astrophysical Journal},
keywords = {Neutron stars, Nuclear astrophysics, Astronomy data analysis, High energy astrophysics, X-ray astronomy, 1108, 1129, 1858, 739, 1810, Astrophysics - High Energy Astrophysical Phenomena, Astrophysics - Solar and Stellar Astrophysics, Nuclear Theory},
year = 2024,
month = jan,
volume = {961},
number = {1},
eid = {62},
pages = {62},
doi = {10.3847/1538-4357/acfb83},
archivePrefix = {arXiv},
eprint = {2308.09469},
primaryClass = {astro-ph.HE},
adsurl = {https://ui.adsabs.harvard.edu/abs/2024ApJ...961...62V},
adsnote = {Provided by the SAO/NASA Astrophysics Data System}
}
%author = {{Vinciguerra}, Serena and {Salmi}, Tuomo and {Watts}, Anna L. and {Choudhury}, Devarshi and {Riley}, Thomas E. and {Ray}, Paul S. and {Bogdanov}, Slavko and {Kini}, Yves and {Guillot}, Sebastien and {Chakrabarty}, Deepto and {Ho}, Wynn C.~G. and {Huppenkothen}, Daniela and {Morsink}, Sharon M. and {Wadiasingh}, Zorawar and {Wolff}, Michael T.},

@ARTICLE{TSalmi:2024,
author = {{Salmi}, Tuomo and {Choudhury}, Devarshi and {Kini}, Yves and {Riley}, Thomas E. and others},
title = "{The Radius of the High-mass Pulsar PSR J0740+6620 with 3.6 yr of NICER Data}",
journal = {\apj},
keywords = {Neutron stars, X-ray astronomy, 1108, 1810, Astrophysics - High Energy Astrophysical Phenomena, Nuclear Theory},
year = 2024,
month = oct,
volume = {974},
number = {2},
eid = {294},
pages = {294},
doi = {10.3847/1538-4357/ad5f1f},
archivePrefix = {arXiv},
eprint = {2406.14466},
primaryClass = {astro-ph.HE},
adsurl = {https://ui.adsabs.harvard.edu/abs/2024ApJ...974..294S},
adsnote = {Provided by the SAO/NASA Astrophysics Data System}
}
%author = {{Salmi}, Tuomo and {Choudhury}, Devarshi and {Kini}, Yves and {Riley}, Thomas E. and {Vinciguerra}, Serena and {Watts}, Anna L. and {Wolff}, Michael T. and {Arzoumanian}, Zaven and {Bogdanov}, Slavko and {Chakrabarty}, Deepto and {Gendreau}, Keith and {Guillot}, Sebastien and {Ho}, Wynn C.~G. and {Huppenkothen}, Daniela and {Ludlam}, Renee M. and {Morsink}, Sharon M. and {Ray}, Paul S.},

@article{DChoudhury:2024,
doi = {10.3847/2041-8213/ad5a6f},
url = {https://dx.doi.org/10.3847/2041-8213/ad5a6f},
year = {2024},
month = {aug},
publisher = {The American Astronomical Society},
volume = {971},
number = {1},
pages = {L20},
author = {Devarshi Choudhury and Tuomo Salmi and Serena Vinciguerra and Thomas E. Riley and others},
title = {A NICER View of the Nearest and Brightest Millisecond Pulsar: PSR J0437–4715},
journal = {The Astrophysical Journal Letters},
abstract = {We report Bayesian inference of the mass, radius, and hot X-ray emitting region properties—using data from the Neutron Star Interior Composition ExploreR (NICER)—for the brightest rotation-powered millisecond X-ray pulsar, PSR J0437−4715. Our modeling is conditional on informative tight priors on mass, distance, and binary inclination obtained from radio pulsar timing using the Parkes Pulsar Timing Array (PPTA; Reardon et al.), and we use NICER background models to constrain the nonsource background, cross-checking with data from XMM-Newton. We assume two distinct hot emitting regions and various parameterized hot region geometries that are defined in terms of overlapping circles; while simplified, these capture many of the possibilities suggested by detailed modeling of return current heating. For the preferred model identified by our analysis, we infer a mass of M = 1.418 ± 0.037 M ⊙ (largely informed by the PPTA mass prior) and an equatorial radius of  km, each reported as the posterior credible interval bounded by the 16% and 84% quantiles. This radius favors softer dense matter equations of state and is highly consistent with constraints derived from gravitational wave measurements of neutron star binary mergers. The hot regions are inferred to be nonantipodal and hence inconsistent with a pure centered dipole magnetic field.}
}
%author = {Devarshi Choudhury and Tuomo Salmi and Serena Vinciguerra and Thomas E. Riley and Yves Kini and Anna L. Watts and Bas Dorsman and Slavko Bogdanov and Sebastien Guillot and Paul S. Ray and Daniel J. Reardon and Ronald A. Remillard and Anna V. Bilous and Daniela Huppenkothen and James M. Lattimer and Nathan Rutherford and Zaven Arzoumanian and Keith C. Gendreau and Sharon M. Morsink and Wynn C. G. Ho},