% ====================================
% Experimental papers
% ====================================

@article{PKhaustov:2000,
title = {Evidence of $\ensuremath{\Xi}$ hypernuclear production in the ${}^{12}\mathrm{C}{(K}^{\ensuremath{-}}{,K}^{+}{)}_{\ensuremath{\Xi}}^{12}\mathrm{Be}$ reaction},
author = {Khaustov, P. and Alburger, D. E. and Barnes, P. D. and Bassalleck, B. and others},
collaboration = {The AGS E885 Collaboration},
journal = {Phys. Rev. C},
volume = {61},
issue = {5},
pages = {054603},
numpages = {7},
year = {2000},
month = {Mar},
publisher = {American Physical Society},
doi = {10.1103/PhysRevC.61.054603},
url = {https://link.aps.org/doi/10.1103/PhysRevC.61.054603}
}
%author = {Khaustov, P. and Alburger, D. E. and Barnes, P. D. and Bassalleck, B. and Berdoz, A. R. and Biglan, A. and B\"urger, T. and Carman, D. S. and Chrien, R. E. and Davis, C. A. and Fischer, H. and Franklin, G. B. and Franz, J. and Gan, L. and Ichikawa, A. and Iijima, T. and Imai, K. and Kondo, Y. and Koran, P. and Landry, M. and Lee, L. and Lowe, J. and Magahiz, R. and May, M. and McCrady, R. and Meyer, C. A. and Merrill, F. and Motoba, T. and Page, S. A. and Paschke, K. and Pile, P. H. and Quinn, B. and Ramsay, W. D. and Rusek, A. and Sawafta, R. and Schmitt, H. and Schumacher, R. A. and Stotzer, R. W. and Sutter, R. and Takeutchi, F. and van Oers, W. T. H. and Yamamoto, K. and Yamamoto, Y. and Yosoi, M. and Zeps, V. J.},

@article{JKAhn:2013,
title = {Double-$\ensuremath{\Lambda}$ hypernuclei observed in a hybrid emulsion experiment},
author = {Ahn, J. K. and Akikawa, H. and Aoki, S. and Arai, K. and others},
collaboration = {E373 (KEK-PS) Collaboration},
journal = {Phys. Rev. C},
volume = {88},
issue = {1},
pages = {014003},
numpages = {10},
year = {2013},
month = {Jul},
publisher = {American Physical Society},
doi = {10.1103/PhysRevC.88.014003},
url = {https://link.aps.org/doi/10.1103/PhysRevC.88.014003}
}
%author = {Ahn, J. K. and Akikawa, H. and Aoki, S. and Arai, K. and Bahk, S. Y. and Baik, K. M. and Bassalleck, B. and Chung, J. H. and Chung, M. S. and Davis, D. H. and Fukuda, T. and Hoshino, K. and Ichikawa, A. and Ieiri, M. and Imai, K. and Itonaga, K. and Iwata, Y. H. and Iwata, Y. S. and Kanda, H. and Kaneko, M. and Kawai, T. and Kawasaki, M. and Kim, C. O. and Kim, J. Y. and Kim, S. H. and Kim, S. J. and Kondo, Y. and Kouketsu, T. and Kyaw, H. N. and Lee, Y. L. and McNabb, J. W. C. and Min, A. A. and Mitsuhara, M. and Miwa, K. and Nakazawa, K. and Nagase, Y. and Nagoshi, C. and Nakanishi, Y. and Noumi, H. and Ogawa, S. and Okabe, H. and Oyama, K. and Park, B. D. and Park, H. M. and Park, I. G. and Parker, J. and Ra, Y. S. and Rhee, J. T. and Rusek, A. and Sawa, A. and Shibuya, H. and Sim, K. S. and Saha, P. K. and Seki, D. and Sekimoto, M. and Song, J. S. and Takahashi, H. and Takahashi, T. and Takeutchi, F. and Tanaka, H. and Tanida, K. and Tint, K. T. and Tojo, J. and Torii, H. and Torikai, S. and Tovee, D. N. and Tsunemi, T. and Ukai, M. and Ushida, N. and Wint, T. and Yamamoto, K. and Yasuda, N. and Yang, J. T. and Yoon, C. J. and Yoon, C. S. and Yosoi, M. and Yoshida, T. and Zhu, L.},

@article{KNakazawa:2015,
author = {Nakazawa, K. and Endo, Y. and Fukunaga, S. and Hoshino, K. and others},
title = {The first evidence of a deeply bound state of Xi−–14N system},
journal = {Progress of Theoretical and Experimental Physics},
volume = {2015},
number = {3},
pages = {033D02},
year = {2015},
month = {03},
abstract = {We have observed a deeply bound state of the \$\\Xi ^\{-\}\$–\$\{\}^\{14\}\{\\rm N\}\$ system that decayed into twin single-hypernuclei in nuclear emulsion exposed in the E373 experiment at KEK-PS. The process is uniquely identified as \$\\Xi ^\{-\} + \{\}^\{14\}\{\\rm N\} \\rightarrow \{\{\}^\{10\}\_\{\\Lambda \}\{\\rm Be\}\} + \{\{\}^\{5\}\_\{\\Lambda \}\{\\rm He\}\}\$. We have measured the binding energy of the \$\\Xi ^\{-\}\$–\$\{\}^\{14\}\{\\rm N\}\$ system, \$B\_\{\\Xi ^\{-\}\}\$, to be \$4.38 \\pm 0.25\$MeV, which is significantly larger than that of the \$\\Xi ^\{-\}\$–\$\{\}^\{14\}\{\\rm N\}\$ 3\$D\$ atomic state (0.17 MeV), if both single-hypernuclei are emitted in the ground state from at-rest capture of a \$\\Xi ^\{-\}\$ hyperon. If the \$\{\{\}^\{10\}\_\{\\Lambda \}\{\\rm Be\}\}\$ nucleus is produced in an excited state, the \$B\_\{\\Xi ^\{-\}\}\$ value mentioned above decreases by the excitation energy. Model calculations based on known values for \$\{\{\}^\{9\}\{\\rm Be\}\}\$ excited states have predicted two excited states in the bound region. Even in the case of \$\{\{\}^\{10\}\_\{\\Lambda \}\{\\rm Be\}\}\$ production in the highest excited state, the \$B\_\{\\Xi ^\{-\}\}\$ value is far from the 3\$D\$ atomic level of the \$\\Xi ^\{-\}\$–\$\{\}^\{14\}\{\\rm N\}\$ system by more than 3.7 standard deviations. The event provides the first clear evidence of a deeply bound state of the \$\\Xi ^\{-\}\$–\$\{\}^\{14\}\{\\rm N\}\$ system by an attractive \$\\Xi\$N interaction.},
issn = {2050-3911},
doi = {10.1093/ptep/ptv008},
url = {https://doi.org/10.1093/ptep/ptv008},
eprint = {https://academic.oup.com/ptep/article-pdf/2015/3/033D02/9720010/ptv008.pdf},
}
%author = {Nakazawa, K. and Endo, Y. and Fukunaga, S. and Hoshino, K. and Hwang, S. H. and Imai, K. and Ito, H. and Itonaga, K. and Kanda, T. and Kawasaki, M. and Kim, J. H. and Kinbara, S. and Kobayashi, H. and Mishina, A. and Ogawa, S. and Shibuya, H. and Sugimura, T. and Soe, M. K. and Takahashi, H. and Takahashi, T. and Tint, K. T. and Umehara, K. and Yoon, C. S. and Yoshida, J.},

@article{AGal:2016,
  title = {Strangeness in nuclear physics},
  author = {Gal, A. and Hungerford, E. V. and Millener, D. J.},
  journal = {Rev. Mod. Phys.},
  volume = {88},
  issue = {3},
  pages = {035004},
  numpages = {58},
  year = {2016},
  month = {Aug},
  publisher = {American Physical Society},
  doi = {10.1103/RevModPhys.88.035004},
  url = {https://link.aps.org/doi/10.1103/RevModPhys.88.035004}
}

% ====================================
% Theoretical papers
% ====================================

@article{JCugnon:2000,
title = {Hypernuclei in the Skyrme-Hartree-Fock formalism with a microscopic hyperon-nucleon force},
author = {Cugnon, J. and Lejeune, A. and Schulze, H.-J.},
journal = {Phys. Rev. C},
volume = {62},
issue = {6},
pages = {064308},
numpages = {11},
year = {2000},
month = {Nov},
publisher = {American Physical Society},
doi = {10.1103/PhysRevC.62.064308},
url = {https://link.aps.org/doi/10.1103/PhysRevC.62.064308}
}

@article{IVidana:2001,
title = {Hypernuclear structure with the new Nijmegen potentials},
author = {Vida\~na, I. and Polls, A. and Ramos, A. and Schulze, H.-J.},
journal = {Phys. Rev. C},
volume = {64},
issue = {4},
pages = {044301},
numpages = {7},
year = {2001},
month = {Sep},
publisher = {American Physical Society},
doi = {10.1103/PhysRevC.64.044301},
url = {https://link.aps.org/doi/10.1103/PhysRevC.64.044301}
}
