
@ARTICLE{CDucoin:2011,
       author = {{Ducoin}, Camille and {Margueron}, J{\'e}r{\^o}me and {Provid{\^e}ncia}, Constan{\c{c}}a and {Vida{\~n}a}, Isaac},
        title = "{Core-crust transition in neutron stars: Predictivity of density developments}",
      journal = {\prc},
     keywords = {26.60.Gj, 21.65.Ef, 21.30.Fe, Neutron star crust, Symmetry energy, Forces in hadronic systems and effective interactions, Nuclear Theory, Astrophysics - Solar and Stellar Astrophysics},
         year = 2011,
        month = apr,
       volume = {83},
       number = {4},
          eid = {045810},
        pages = {045810},
          doi = {10.1103/PhysRevC.83.045810},
archivePrefix = {arXiv},
       eprint = {1102.1283},
 primaryClass = {nucl-th},
       adsurl = {https://ui.adsabs.harvard.edu/abs/2011PhRvC..83d5810D},
      adsnote = {Provided by the SAO/NASA Astrophysics Data System}
}

@article{WGNewton:2013,
Author = {W. G. Newton and M. Gearheart and Bao-An Li},
Journal = {\apjs},
Number = {1},
Pages = {9},
Title = {A Survey of the Parameter Space of the Compressible Liquid Drop Model as Applied to the Neutron Star Inner Crust},
Volume = {204},
Year = {2013}
}

@article{AWSteiner:2015,
Author = {Steiner, A. W. and Gandolfi, S. and Fattoyev, F. J. and Newton, W. G.},
Doi = {10.1103/PhysRevC.91.015804},
Issue = {1},
Journal = {\prc},
Month = {Jan},
Numpages = {7},
Pages = {015804},
Publisher = {American Physical Society},
Title = {Using neutron star observations to determine crust thicknesses, moments of inertia, and tidal deformabilities},
Volume = {91},
Year = {2015},
Bdsk-Url-1 = {https://doi.org/10.1103/PhysRevC.91.015804}
}

@article{MFortin:2016,
title = {Neutron star radii and crusts: Uncertainties and unified equations of state},
author = {Fortin, M. and Provid\^encia, C. and Raduta, Ad. R. and Gulminelli, F. and Zdunik, J. L. and Haensel, P. and Bejger, M.},
journal = {Phys. Rev. C},
volume = {94},
issue = {3},
pages = {035804},
numpages = {21},
year = {2016},
month = {Sep},
publisher = {American Physical Society},
doi = {10.1103/PhysRevC.94.035804},
url = {https://link.aps.org/doi/10.1103/PhysRevC.94.035804}
}

@article{SLalit:2019,
doi = {10.3847/1538-4357/ab338c},
url = {https://dx.doi.org/10.3847/1538-4357/ab338c},
year = {2019},
month = {sep},
publisher = {The American Astronomical Society},
volume = {882},
number = {2},
pages = {91},
author = {Lalit, Sudhanva and Meisel, Zach and Brown, Edward F.},
title = {Crust-cooling Models Are Insensitive to the Crustâ€“Core Transition Pressure for Realistic Equations of State},
journal = {The Astrophysical Journal}
}
